2834 4830
411 357 701 434 spretore
745 357 1012 428 rmnorrm.
1136 373 1179 443 ς,

231 516 451 603 'Lemovices
480 547 513 597 et
544 534 615 595 loca
646 530 785 594 vicinat¹
820 529 975 594 machinae
1005 529 1115 592 muitae
1141 529 1183 595 ad

254 649 406 719 tuendam
443 647 669 728 Gravelingam
696 619 747 707 ¹et
789 643 1010 727 oppugnanda
1051 643 1185 707 castella

253 765 402 845 quaedam
426 760 508 844 apud
533 759 756 842 Borburgum.
801 761 832 823 A
859 754 1083 821 francofurto
1109 773 1182 836 qua

254 873 413 939 discimus
442 877 507 939 haec
533 872 621 942 sunt.
690 874 808 955 Neque
828 872 938 936 literas
966 884 1069 949 neque
1094 885 1185 931 com·

252 1001 390 1052 meatum
419 1002 494 1053 tuto
531 989 618 1052 ultra
649 986 816 1072 pervenire
840 1004 858 1052 a
886 984 1012 1050 Vienna
1042 977 1185 1044 adeum

255 1101 313 1183 qui
362 1099 420 1164 sub
454 1100 583 1179 Gotzio
625 1116 677 1164 est
718 1100 917 1175 exercitum,
960 1095 1012 1158 fed
1054 1097 1184 1160 manda-

251 1214 558 1291 tumBouchami0‚
586 1227 623 1275 ut
643 1214 727 1276 viam
752 1212 810 1302 fiiri
828 1209 948 1274 faceret
972 1210 1109 1275 obviam·
1126 1207 1185 1279 fibi
1262 1189 1268 1195 ’

251 1325 364 1405 ituro,
396 1338 487 1407 parte
507 1325 669 1390 Gotziani
696 1324 881 1403 exercitus,
915 1339 1028 1388 verum
1052 1321 1184 1404 pericu·

249 1441 316 1504 ium
358 1439 386 1502 ei
428 1436 495 1501 esse
531 1438 570 1503 ab
604 1438 758 1523 agricolis
797 1437 929 1502 infestis
964 1433 1178 1517 Imperatoria

249 1551 338 1633 apud
371 1550 472 1616 Saros
498 1532 627 1634 ¹partem
646 1551 839 1619 'Caesariani
869 1550 1059 1629 exercitos,
1108 1568 1183 1628 quar

251 1675 318 1728 erat
343 1664 377 1727 in
405 1665 528 1750 agmine
551 1666 688 1746 ultimo,
712 1665 874 1744 concisam
890 1683 918 1729 a
935 1662 1180 1728 Rakoczianist

248 1796 266 1842 a
294 1773 398 1842 'Bassa
432 1768 538 1842 autem
581 1778 703 1846 offenss
738 1779 808 1844 dari
839 1777 926 1859 spent
962 1775 1182 1853 cesarianis,

250 1884 345 1961 fore,
366 1897 403 1948 ut
426 1884 620 1948 Rakoczius
643 1901 682 1946 ex
710 1887 777 1946 illis
798 1887 951 1966 partibus
977 1887 1068 1946 abeat
1093 1887 1185 1953 simul

251 1997 291 2062 ab
315 1995 515 2078 Imperatore
537 1996 674 2080 Legatio
694 1995 821 2060 venerit
839 1995 1185 2077 Constantinopolim,

250 2109 443 2192 Hispanos,
461 2110 519 2193 qui
536 2109 747 2177 Francofurti
767 2107 860 2189 sunt,
881 2126 1010 2193 magnas
1031 2109 1105 2173 flare
1122 2109 1188 2172 Da·

175 2220 177 2295 ]
248 2225 283 2295 ni
317 2223 498 2290 victoriosa
546 2223 618 2304 spes
644 2225 792 2306 ingentes
817 2223 857 2286 de
879 2207 1064 2289 Gallassrot
1111 2240 1186 2292 cum

247 2337 281 2401 in
314 2350 501 2415 conventu,
544 2335 603 2416 qui
637 2335 849 2404 Francofurti
879 2337 985 2403 adhuc
1015 2350 1120 2400 manet
1151 2350 1185 2399 ct

198 2511 201 2519 ,
247 2449 416 2518 mansurus
445 2449 597 2526 videtur,
637 2447 843 2521 inmanibus
872 2451 1064 2518 deliberatio
1099 2448 1184 2517 esset

249 2563 345 2644 super
370 2562 492 2626 litteris
517 2562 697 2645 legatorum
721 2579 737 2623 e
766 2559 901 2639 Gallia,
924 2564 1105 2625 ostendisse
1136 2564 1182 2625 le·

251 2689 349 2760 gatos
376 2673 601 2755 Austriacos,
644 2687 801 2754 quantum
832 2673 1027 2758 Imperatori
1061 2673 1185 2756 semper

207 2824 215 2841 ·
247 2806 312 2872 pax
338 2785 433 2856 cordi
459 2783 581 2866 fuerit,
609 2785 663 2850 sed
687 2785 810 2868 semper
834 2787 1004 2853 interiecta
1028 2806 1046 2852 a
1069 2787 1180 2853 Gallis

248 2899 498 2980 impedimenta,
537 2898 705 2979 ptaecipue
732 2903 811 2964 vero
836 2919 923 2967 anno
954 2915 1179 2978 CIOI‘JCXXXa

252 3012 322 3077 iure
349 3008 478 3092 quidem
508 3009 604 3093 posse
626 3013 772 3079 revocari
802 3015 868 3079 tuti
899 3014 1027 3081 itineris
1051 3019 1180 3087 tabulas
1277 3050 1282 3056 ·

249 3123 504 3203 adversanos,
531 3126 589 3204 qui
612 3139 676 3192 tam
709 3127 894 3208 procaciter
926 3143 1041 3194 contra
1073 3131 1180 3215 Impe-

248 3249 349 3303 rarem
386 3236 611 3320 scripsissent,
656 3237 708 3306 sed
743 3238 975 3322 Imperatorem
1008 3244 1072 3309 hoc
1106 3248 1177 3313 solo

134 3390 137 3395 »
250 3365 441 3416 contentum
475 3350 570 3433 sore,
599 3352 624 3421 st
654 3354 834 3421 ostendunt
861 3355 993 3438 Imperii
1018 3358 1177 3442 ordines,

247 3483 337 3544 eam,
362 3478 436 3545 quae
464 3466 566 3545 capiti
591 3464 679 3531 faeta
701 3481 774 3548 est,
806 3468 958 3536 iniuriam
983 3473 1023 3538 ad
1051 3491 1177 3557 corpus

248 3590 357 3640 totum
390 3574 564 3658 pertinere.
630 3574 863 3648 Banaricortrm
898 3587 1080 3674 legatorum
1110 3585 1178 3653 sen·

252 3686 353 3748 tentia
375 3687 464 3773 fuit,
496 3693 683 3761 retrahenda
713 3697 821 3763 omnia
851 3700 1018 3767 literarum
1048 3700 1178 3768 iliarum

252 3798 422 3880 exempla,
443 3819 476 3871 et
496 3808 689 3877 remittenda
704 3811 819 3897 legatie
839 3813 1003 3895 Garricie,
1023 3833 1098 3879 cum
1123 3832 1179 3881 ex.

1097 3944 1176 4011 pro.
