2834 4830
239 344 256 409 8
376 334 714 411 H-'UGottrs
757 343 1031 415 Gnorrr

207 596 210 609 Ι
235 526 381 578 veterum
400 510 595 592 repetitione
613 532 737 579 omnent
761 514 961 594 Reformatis
988 514 1056 578 iliis
1081 511 1167 576 denr-

238 641 342 690 tursm
370 640 513 705 metum,
539 625 629 708 quod
654 626 725 691 sane
749 627 818 693 fieri
840 647 928 711 opus
951 641 1024 707 est,
1050 643 1086 690 ut
1107 644 1168 689 no·

173 755 176 763 ’
236 758 312 806 vare
342 740 553 821 cupientibus
580 738 790 804 subtrahatur
826 757 890 806 tam
925 757 1044 824 potens
1075 757 1168 819 pora·

236 830 373 932 tutnque
407 851 601 918 fomentum.
668 853 715 919 Et
752 854 792 919 ad
828 873 896 918 earn
935 873 998 917 rem
1039 853 1169 918 sonitus

239 978 397 1048 quantum
424 980 555 1047 potero.
615 967 747 1032 Castris
773 967 813 1031 ad
838 966 1032 1032 Theodonis
1060 965 1173 1029 villam

149 1069 153 1078 ’
238 1079 485 1145 oireutniectunr
517 1081 577 1143 iant
607 1094 659 1143 est
691 1082 813 1145 vallum
846 1083 902 1145 cui
928 1077 1086 1144 firmando
1120 1077 1172 1140 in·

238 1191 472 1267 teriiciuntur,
495 1206 531 1252 ut
550 1191 618 1252 fieti
641 1192 745 1268 solet,
764 1195 912 1254 castella.
945 1194 1028 1270 Spes
1046 1206 1097 1252 est
1113 1188 1174 1251 bo·

238 1323 291 1367 us.
333 1301 411 1384 Quo
433 1301 543 1365 iturus
557 1300 607 1371 ,stt
627 1301 839 1367 Guebrianus
864 1302 971 1367 adhue
994 1301 1170 1366 nescimus.

237 1416 318 1482 Dux
342 1415 508 1492 Carolus,
540 1414 561 1481 st
593 1415 734 1500 pecunie
765 1416 883 1494 detur,
918 1413 1065 1496 promifit
1091 1431 1172 1478 con·

236 1528 419 1613 scipturunr
447 1527 477 1590 se
502 1541 581 1591 octo
607 1572 617 1591 .
644 1573 654 1598 ‚
682 1574 691 1591 .
717 1528 817 1594 miliia
841 1529 995 1593 miiitum.
1066 1527 1173 1591 Tenet

237 1641 267 1707 se
297 1642 382 1706 inter
412 1641 552 1706 Nicrum
585 1654 618 1705 et
650 1641 814 1709 Rhenum.
883 1643 1007 1728 Regina
1039 1641 1170 1725 Regesne
1235 1620 1239 1629 ¹

129 1810 131 1816 .
239 1755 360 1839 Regem
384 1752 557 1821 assuefacit
582 1771 618 1819 ut
642 1757 793 1837 quotidie
821 1757 876 1820 det
895 1757 1064 1839 pecuniam
1090 1757 1173 1837 pad-

239 1868 398 1952 peribus‚
414 1868 530 1932 diebus
548 1870 723 1936 dominicis
747 1873 852 1934 rnuito
870 1873 961 1953 plus.
1008 1869 1093 1933 Sunt
1111 1865 1173 1947 qui

185 2058 188 2065 ¹
237 1981 265 2045 ei
289 1980 441 2059 suadent,
473 1996 510 2044 ut
538 1983 677 2045 obtentu
702 1982 902 2047 necessitatis
927 2001 1032 2045 rorum
1051 1981 1169 2044 Gattiae

238 2096 418 2178 exemplum
447 2093 601 2176 sequatur
630 2096 766 2161 Henrici
790 2079 853 2175 ΠΙ,
884 2095 941 2178 qui
966 2094 1084 2177 Regno
1112 2091 1171 2155 suo

237 2208 407 2272 consuluit
439 2205 556 2284 spretis
592 2205 793 2285 foederibus,
832 2228 904 2288 quae
941 2206 1055 2285 paullo
1095 2218 1170 2267 ante

236 2336 311 2384 ourn
335 2318 445 2401 Anglo
468 2315 670 2398 Batavisque
691 2318 834 2398 fecerat,
874 2331 905 2381 et
931 2315 1054 2381 solenni
1081 2318 1168 2380 iurn-

236 2445 345 2499 mento
373 2429 569 2499 firmaverat.
600 2431 790 2499 'Caeterum
815 2448 852 2497 ut
873 2448 924 2497 est
950 2431 1046 2498 animi
1073 2429 1168 2494 valde

227 2543 401 2630 Ιςειιειοίὶ,
446 2545 575 2610 minime
600 2545 698 2611 credo
722 2564 789 2611 earn
818 2547 996 2629 potituram
1020 2543 1167 2609 consitiis

236 2676 349 2743 parum
375 2659 548 2734 honestis,
574 2658 653 2739 saepe
675 2677 732 2721 nec
755 2663 852 2722 tutis.
898 2662 933 2724 Si
952 2662 1024 2723 Rex
1041 2660 1169 2741 Angliae

236 2772 317 2836 velit
342 2770 424 2832 serio
452 2769 480 2830 se
505 2767 701 2853 obstringere
733 2770 765 2833 in
791 2767 901 2833 foedus
929 2788 1003 2833 cuns
1035 2769 1167 2849 Gallis,

235 2883 376 2970 primunt
404 2881 444 2947 ad
467 2870 587 2946 tuendo
615 2880 702 2966 sigua
727 2881 841 2945 deinde
867 2881 905 2945 ad
929 2882 1168 2948 restitutionem

235 2996 463 3076 Palatinatus,
496 3013 562 3058 non
593 2995 711 3059 dubito
746 2997 824 3076 quin
854 2996 1003 3059 futurum
1030 2994 1090 3076 stt,
1130 3011 1169 3063 ut

235 3111 289 3177 hie
328 3109 411 3175 ratio
444 3110 625 3195 reperiatur
655 3127 728 3171 eum
762 3108 880 3192 Regem
922 3109 1098 3189 reponendi
1133 3111 1167 3174 in

163 3296 167 3302 ¹
234 3242 301 3288 earn
336 3236 531 3307 potestatem
572 3243 635 3305 qua
662 3225 705 3289 usr
739 3221 812 3286 sunt
840 3223 997 3286 hactenus
1027 3221 1165 3286 maiores

235 3336 319 3399 eius.
388 3333 572 3399 Daunustus
599 3340 736 3400 multum
763 3350 873 3416 captat
896 3336 977 3399 sulse
1008 3332 1166 3401 Romans

237 3447 382 3533 gratiss,
415 3447 506 3527 quod
533 3467 572 3513 nn
601 3450 733 3531 publico
765 3447 914 3532 expedire
945 3447 1092 3527 censeat,
1125 3468 1165 3515 au

236 3563 268 3630 in
292 3562 363 3644 spes
388 3559 482 3642 suas,
506 3581 572 3625 noo
595 3562 741 3628 dixerim.

278 3674 580 3762 Reginaeltegentis
606 3675 766 3739 .vaietudo
802 3693 860 3756 per
895 3674 1021 3740 iabores
1056 3676 1165 3742 conti.

216 3808 320 3885 'nuos
352 3806 385 3857 et
412 3788 558 3866 insuetos
587 3787 744 3858 labefacta
765 3806 833 3855 non
862 3788 945 3872 nihil
967 3788 1165 3856 reviviscere

1114 3918 1165 3981 ru·
