2834 4830
334 371 376 454 aa
471 330 1129 439 uuoomrsottorrr

337 557 392 626 ges
411 538 675 622 IudicInrumque
693 540 837 606 ordinem
857 538 969 622 facta,
993 540 1077 606 dixit
1099 540 1168 607 haec
1186 538 1270 606 Car·

340 653 458 719 dinalis
491 654 650 739 pertinere
693 653 733 718 ad
772 668 918 737 tempora
958 653 1127 722 Ludovici
1163 650 1267 729 XIII,
1299 636 1301 641 ’

341 768 440 833 cuius
463 766 511 857 ita
527 766 711 833 'veneranda
730 765 812 832 esset
838 767 924 833 bona
944 768 1117 848 memorial,
1141 777 1180 829 ut
1193 764 1268 827 eius

343 897 416 946 acta
439 882 585 948 vellicari
611 881 742 946 minime
768 895 950 965 oporteret.
998 884 1083 950 Cum
1102 896 1183 943 vero
1205 875 1270 968 Re·

339 994 416 1079 gina
442 994 507 1060 alio
538 1011 705 1080 tempore,
735 995 765 1060 se
804 996 900 1080 posse
936 993 1073 1079 quasvis
1111 989 1290 1074 pecunias‘

342 1107 498 1191 imperare
522 1112 649 1196 populo
672 1111 736 1177 fine
761 1110 987 1190 Parlamento,
1011 1105 1095 1172 dixit
1113 1103 1272 1183 Princeps

340 1220 533 1302 Condaeus,
562 1224 598 1287 id
628 1242 695 1287 non
725 1225 805 1288 bene
831 1222 1077 1298 successurum,
1111 1212 1272 1297 nequest

250 1420 253 1425 .
311 1404 313 1408 .
342 1335 532 1417 suspectum
556 1334 760 1400 esl'e‘debere
783 1336 962 1417 factIonis,
989 1335 1045 1419 qui
1066 1332 1153 1397 bona
1176 1328 1275 1395 ltabev

340 1460 392 1511 ret
410 1448 443 1512 in
462 1449 613 1513 omnibus
632 1450 738 1533 Regni
758 1453 932 1532 partibus,
957 1449 1049 1511 illico
1074 1442 1271 1519 amittenda,

338 1559 451 1643 srquid
471 1562 715 1628 commoVIsIet.
760 1561 825 1627 Est
842 1560 895 1626 hic
914 1555 1095 1628 Carentoni
1112 1552 1270 1636 Synodus

343 1673 536 1756 Nationalis
563 1673 844 1740 Reformatorem.
921 1674 977 1738 Ab
1011 1692 1047 1737 ea
1085 1666 1291 1767 iutpetravit¹

289 1862 292 1867 ¹
341 1781 553 1864 Mileterius‚
578 1801 616 1851 ut
640 1787 771 1868 quidam
791 1768 1038 1868 delegarentur,
1064 1778 1271 1847 collocuturi

340 1896 447 1962 secum
475 1895 513 1960 de
539 1894 788 1963 iustificatione.
856 1896 958 1962 Facta
992 1908 1043 1961 est
1072 1893 1105 1959 in
1137 1892 1270 1975 scriptis

340 2009 478 2087 collatio
505 2011 598 2075 nullo
626 2032 699 2077 cum
724 2010 851 2076 fructu.
924 2009 1012 2092 Papa
1044 2025 1112 2073 non
1144 2021 1271 2072 tantum

341 2122 376 2188 in
410 2121 444 2188 id
474 2122 622 2205 laborat,
654 2139 691 2190 ut
720 2124 861 2206 Gallos,
893 2124 916 2192 st
949 2121 1078 2206 posstt,
1105 2141 1145 2189 ex
1178 2121 1287 2187 Italia.

340 2248 510 2314 amoveat,
541 2236 587 2298 ita
613 2249 740 2298 tentato
768 2236 921 2315 Principe
947 2235 1097 2313 Thoma,
1136 2249 1174 2298 ut
1200 2250 1273 2296 eum

341 2345 462 2412 Galliae
496 2343 684 2427 suspectum
714 2343 852 2427 fecerit,
875 2363 989 2411 verum
1020 2343 1117 2412 etiam
1149 2344 1272 2410 excitat

342 2477 455 2525 omnes
487 2457 590 2524 Italiae
620 2457 790 2542 Principes
827 2478 864 2525 ac
893 2459 1080 2541 Civitates,
1114 2472 1152 2524 ut
1187 2457 1271 2542 Regi

341 2572 472 2658 Angliae
499 2571 632 2636 militem
657 2586 715 2637 aut
740 2572 897 2654 pecunias
924 2573 1071 2640 mittant.
1116 2573 1163 2640 Et
1188 2571 1272 2637 dret-

343 2701 401 2755 tut
423 2686 615 2754 Ethruscus
639 2683 766 2765 aliquid
788 2683 985 2764 promistsse.
1039 2685 1140 2750 Miles
1167 2685 1275 2751 Galli·

343 2815 405 2862 cus
428 2797 461 2860 in
485 2792 848 2863 Montisferratenstbus
880 2795 965 2861 locis
993 2794 1178 2881 gravisstme
1204 2782 1273 2879 ple·

339 2910 412 2976 bem
438 2901 549 2976 uexat.
596 2907 744 2990 Missus,
769 2907 887 2994 quide
912 2927 964 2974 eo·
979 2912 1127 2991 querelas
1158 2911 1192 2975 irr
1214 2927 1273 2976 su·

340 3022 404 3090 lam
437 3023 598 3089 Gallicam
628 3020 789 3103 deferret,
828 3022 1033 3107 Bidosenus,
1075 3026 1110 3091 in
1134 3020 1272 3105 itinere,

342 3134 454 3201 nescio
482 3138 668 3220 aquibus,
699 3136 893 3204 Interiectus
917 3152 982 3203 est.
1027 3139 1133 3205 Arses
1157 3136 1273 3202 Colis-

342 3248 456 3314 sanum
487 3262 519 3312 et
551 3250 726 3333 caturam,
758 3254 793 3319 iu
827 3252 959 3338 regione
984 3250 1127 3333 Longae,
1158 3246 1271 3330 Galli,

344 3361 436 3440 quod
454 3378 536 3444 aegre
556 3360 683 3430 defendi
704 3366 838 3448 possent
851 3363 1039 3446 ‚disiecere
1071 3362 1270 3442 Casrmirus,

339 3482 514 3553 antequam
547 3475 793 3545 Cardinalatuot
825 3476 941 3558 adeat,
981 3476 1012 3542 se
1042 3478 1272 3568 presbyterum

341 3582 465 3666 faelet,
498 3586 544 3652 ita
568 3591 721 3670 volente,
756 3606 793 3656 ut
820 3591 963 3669 dicitur,
992 3587 1140 3653 Poloniae
1166 3587 1269 3673 Rege.

339 3696 396 3766 Ex
413 3699 703 3782 Constantinopoli
721 3701 907 3778 discimus,
935 3699 1097 3787 latrasse
1119 3700 1164 3765 ibi
1186 3703 1270 3787 lega·

340 3823 413 3880 tum
432 3811 669 3898 Imperatoris,
693 3828 731 3882 ut
748 3831 813 3897 pax
830 3827 991 3902 perpetua
1010 3811 1100 3884 fieret
1111 3859 1125 3897 ,
1146 3829 1183 3881 ut
1204 3815 1272 3880 Ra·

1188 3924 1270 3990 lroc·
