2834 4830
337 370 377 420 n
475 344 1129 425 nuo‘onrs‘onorrr
1175 320 1236 346 '⁴

332 523 386 592 iric
412 519 508 587 habet
534 517 634 596 suos,
669 519 805 584 aiterum
827 520 970 588 nobilem
998 540 1089 592 extro
1116 527 1262 599 ordinem
1367 509 1374 521 ⁸

330 634 485 714 missum,
509 635 646 698 titerum
673 629 875 698 Refidentem
905 636 1126 720 ordinarium,
1158 658 1196 709 ut
1223 644 1261 714 ii·

328 750 458 816 delibus
482 746 643 813 ministris
661 749 818 812 honorem
836 748 989 829 haberet,
1015 755 1071 833 qui
1091 753 1184 821 fidem
1203 776 1258 823 ex.

328 864 410 945 citet
433 875 465 926 et
492 860 618 939 nutrit,
654 861 797 924 voluisse
826 880 890 926 rem
920 881 987 928 eam
1016 869 1261 948 peremnis,

328 995 397 1043 non
420 989 527 1040 autem
553 973 642 1058 apud
663 975 693 1038 se
718 975 869 1060 transigi.
916 975 996 1042 Haec
1015 979 1123 1046 omnia
1148 996 1261 1045 osten·

328 1090 364 1156 di
385 1090 473 1156 Duci
491 1087 737 1166 Aurelianense,
761 1087 909 1170 Principi
936 1092 1107 1173 Condico,
1133 1096 1260 1162 Comiti

333 1204 512 1280 liriennio,
534 1202 592 1283 qui
611 1201 813 1263 Secretarius
838 1217 889 1263 est
909 1203 948 1264 ad
970 1223 1020 1266 res
1037 1222 1206 1286 externas,
1232 1224 1264 1272 et

329 1317 483 1396 Baiiolo,
516 1313 574 1397 qui
606 1312 732 1395 primus
763 1328 814 1376 est
843 1313 878 1378 in
910 1317 1015 1381 aerarii
1043 1309 1137 1381 cura.
1184 1320 1263 1384 Non

324 1428 447 1497 reticui
474 1440 632 1510 quantum
657 1441 712 1491 aut
738 1427 824 1491 bello
845 1443 901 1492 aut
925 1429 997 1511 paci
1021 1432 1158 1496 niiatura
1180 1433 1262 1498 esset

328 1542 530 1612 incommodi
549 1540 789 1626 istaPrincipis
811 1540 969 1609 hactenus
988 1540 1175 1616 fortissnnae
1196 1567 1264 1611 mu.

328 1659 436 1740 tati03
460 1676 565 1739 neque
590 1644 693 1719 iilud:
742 1655 912 1735 pecuniam
941 1658 1075 1722 inloto
1105 1661 1263 1753 negligere

329 1772 505 1839 maximum
530 1766 694 1834 interdurn
720 1784 770 1833 est
792 1771 936 1836 lucrum.
982 1771 1133 1836 Poscuut
1156 1787 1262 1839 autem

249 1862 253 1867 “
330 1883 485 1965 nasici,
512 1902 579 1947 non
603 1883 815 1964 improbabili
840 1885 878 1948 de
902 1885 1018 1966 ceusu,
1043 1888 1120 1969 quia
1137 1887 1263 1951 Mores·
1342 1952 1346 1971 s

327 2000 435 2065 celius
464 1996 677 2062 Guebrianus
709 1996 824 2094 copias
856 1997 1032 2076 Hossrcas‚
1070 2013 1101 2061 et
1129 2001 1262 2095 menime

328 2128 522 2197 equestres,
548 2125 695 2193 per-tres
719 2109 839 2174 menses
860 2111 1002 2175 detinuit
1023 2111 1182 2190 inutiles,
1205 2131 1263 2192 per

327 2228 418 2308 quod
449 2223 508 2288 fibi
544 2237 597 2285 tot
625 2240 778 2304 agrorum
807 2220 932 2283 tributa
962 2207 1150 2301 perierunt,
1175 2225 1261 2288 unde

324 2337 461 2406 tiendus
481 2348 549 2398 erat
574 2333 763 2411 exercitus,
788 2332 885 2396 cuius
916 2333 974 2398 vix
1004 2335 1152 2418 exiguam
1184 2358 1260 2420 par.

326 2467 391 2518 tem
416 2447 529 2515 Hassis
556 2449 638 2513 aiere
667 2465 724 2528 per
750 2445 779 2510 se
804 2461 939 2527 potest,
964 2439 1004 2512 ad
1020 2448 1172 2515 domnum
1194 2453 1260 2517 hoc

324 2545 561 2635 resarciendum
591 2560 794 2629 scutatorum
825 2562 1100 2630 centummiiiia.
1168 2566 1260 2633 nile·

323 2683 479 2768 gentibus
496 2693 602 2741 autem
618 2672 804 2754 praesentem
821 2672 964 2752 inopiam
981 2678 1259 2758 pecuniae‚quam

326 2790 515 2862 Cardinaiis
541 2799 626 2853 certe
656 2785 685 2850 is
711 2785 769 2866 qui
795 2798 948 2873 mortuus
974 2801 1024 2855 est
1049 2786 1128 2853 fecit
1156 2792 1260 2857 maxi.

325 2926 429 2985 mom,
461 2903 493 2968 in
519 2900 685 2985 privatum
712 2899 915 2965 corradendo
944 2900 1072 2969 multos·
1093 2901 1257 2970 milliones

325 3019 474 3107 publicis
514 3010 763 3078 necessitutibus
800 3013 1001 3092 destinatos,
1035 3014 1125 3094 dixi,
1163 3017 1259 3098 posse

324 3130 551 3219 Landgraviae‘
572 3124 723 3196 satisfieri
751 3143 808 3207 per
834 3123 1015 3211 assignatos
1042 3126 1169 3191 reditus
1200 3129 1260 3193 bo·

323 3267 410 3315 nos:
458 3260 525 3325 qno
547 3255 647 3322 pacto
672 3253 871 3320 reperturam
898 3260 964 3305 earn
989 3239 1176 3322 praeientem
1200 3261 1255 3323 pe·

324 3360 477 3436 cuniam,
511 3353 661 3438 quamvis
685 3374 759 3419 cunr
785 3353 898 3435 aliquo
921 3352 1064 3431 damno,
1097 3353 1161 3421 fine
1193 3378 1257 3438 que
1305 3340 1309 3349 ¹

262 3532 264 3538 .
323 3471 488 3539 exercitus
507 3469 581 3549 ilie,
607 3469 685 3533 adeo
709 3467 844 3531 antehac
868 3464 962 3549 utilis
987 3470 1154 3535 communi
1180 3487 1258 3533 cau.

327 3587 390 3666 see,
416 3583 547 3649 retineri
578 3583 685 3662 alique
716 3599 781 3642 noo
810 3577 934 3660 posset.
1003 3579 1257 3661 Responderunt

328 3719 441 3768 omnes
464 3697 541 3764 satis
559 3696 720 3772 comiter3
739 3691 1067 3759 Duxnureiianenfis
1082 3697 1256 3783 ,exiguum

320 3814 400 3893 essct.
419 3812 458 3881 dc
490 3827 561 3897 quo.
588 3820 753 3895 ageretur:
799 3806 957 3892 Princeps
988 3809 1180 3892 Condaeus‚
1220 3813 1254 3876 in

1176 3939 1255 3988 con.
