2834 4830
262 343 618 477 'aeteruum
660 348 952 434 rusorum*
1053 322 1100 457 ip

166 536 254 605 nisse
278 535 316 602 ad
338 536 521 622 Principem
538 534 766 616 Rakoczium‚
791 554 829 601 ne
844 556 954 622 pacem
975 539 1095 622 faciat,

169 655 240 717 eius
256 654 349 719 ‘aulae
376 649 524 716 iniussu:
570 656 653 734 aeg're
681 669 699 715 a
728 651 936 739 Marescallo
955 651 1135 743 'surenas

171 767 301 832 retineri
328 765 442 846 copias
467 761 628 845 disperdas
658 753 707 828 cis
729 780 761 828 et
787 766 847 828 uls.
870 767 1041 847 Rhenum,
1065 750 1119 832 iri

67 907 71 917 =
168 895 204 943 ea
230 879 363 943 maxime
389 867 500 958 loca,
512 877 635 957 quibus
656 877 813 959 pabulum
836 879 1001 962 suppetit:
1031 879 1101 962 spe·
1290 972 1293 978 ἢ

169 1009 237 1085 rare
261 1007 389 1072 tannen,
414 991 568 1075 quicum
594 1008 634 1054 eo
661 989 759 1072 sunt,
782 991 926 1070 Gallos,
949 992 1040 1057 brevi
1069 991 1103 1057 se

170 1103 267 1187 posse
300 1104 403 1184 potiri
434 1102 599 1182 Hoehsta,
632 1105 878 1189 Coningsteno,
914 1105 1100 1188 Ftiburgo‚

168 1233 201 1281 et
215 1218 342 1282 tributa
356 1235 468 1300 capere
484 1217 522 1279 de
539 1219 763 1298 Wetteravia,
783 1219 939 1296 maxime,
955 1217 1102 1283 fiLand·

168 1331 302 1414 gravia,
324 1330 583 1414 accepti,quod
600 1331 767 1411 creditur,
782 1331 923 1414 pecunia
943 1333 1101 1413 quadriu·¹
1152 1330 1155 1338 '

169 1459 344 1528 gestorum
370 1445 455 1509 mille
479 1443 705 1525 scutatorum,
738 1443 794 1510 sua
816 1444 926 1527 Gallis
952 1446 1098 1528 hyberna

167 1534 341 1624 concedat.
386 1557 474 1623 Idem
490 1557 709 1623 Marescallus
725 1556 867 1624 Turtnae
890 1559 925 1625 in
942 1559 1102 1625 Palatinis

169 1670 266 1735 terris
294 1669 435 1735 restituit
459 1671 631 1736 ministros
658 1672 864 1755 Electorales
889 1687 1037 1753 veteres,
1067 1687 1104 1738 et

88 1804 91 1812 ·
169 1783 358 1868 religionem
383 1797 453 1848 tum
480 1781 581 1865 Regis
608 1781 679 1863 sui,
704 1799 774 1850 tum
799 1781 908 1863 suam,
932 1787 1023 1851 nulla
1047 1787 1104 1852 ha·

166 1895 259 1971 bita,
285 1909 323 1956 ut
349 1894 470 1970 audio,
495 1893 622 1955 ratione
646 1910 783 1972 eorum,
808 1897 865 1976 qui
895 1897 1104 1980 Augustunae

169 2005 247 2072 sunt
279 2003 514 2073 confesfionis.
583 2006 714 2073 Civitas
748 2007 932 2072 Wormatia
970 2008 1004 2072 in
1043 2009 1116 2095 hac,

170 2121 245 2185 atala
266 2121 506 2201 conqueritur,
532 2119 622 2204 quod
644 2120 678 2184 in
703 2138 739 2184 ea
763 2121 843 2185 urbe
868 2121 951 2212 idem
976 2111 1106 2188 Mares}¹

169 2233 276 2298 callus
309 2233 552 2300 Calvinismum
587 2233 807 2314 introducat,
853 2255 1020 2318 nunquam
1060 2236 1108 2305 ibi

168 2357 350 2429 receptum.
395 2346 450 2414 Ex
474 2348 596 2434 Anglia
623 2345 800 2428 audimus,
823 2347 1107 2433 Archiepiscopa·

169 2473 241 2526 tum
271 2460 539 2529 cantuariensem
581 2461 643 2524 iam
682 2459 738 2523 alii
772 2461 971 2539 attributum
1003 2464 1107 2549 Regis
1184 2542 1186 2546 ⁸

171 2574 387 2638 auctoritate.
433 2573 513 2637 Dux
544 2572 772 2656 Lotharingus
811 2572 935 2638 obtulit
976 2594 1110 2655 operam

87 2762 92 2769 ‚
170 2684 300 2754 suarum
324 2685 495 2776 copiarum
520 2686 654 2772 Reginae
678 2686 831 2771 Angliae,
864 2684 917 2750 sed
941 2685 1045 2754 facere
1072 2688 1108 2772 id

168 2801 338 2883 creditur,
362 2813 402 2865 ut
432 2804 509 2885 plus
542 2801 581 2865 ab
607 2801 761 2883 Hispano
787 2801 948 2867 obtineat.
1015 2802 1109 2871 verit

169 2918 256 2982 enim
281 2915 395 2994 copias
422 2912 495 2977 suas
519 2915 631 2998 augeri
651 2915 690 2979 ad
712 2930 791 2981 octo
812 2916 926 2980 millia.
972 2915 1109 2982 Interim

167 3029 264 3095 etiam
289 3027 343 3094 hic
367 3026 578 3096 conditiones
605 3042 731 3110 tentat,
752 3043 805 3109 et,
831 3029 908 3110 quia
929 3026 1114 3119 suspectus

168 3141 234 3227 ipse
254 3132 326 3221 est,
351 3141 521 3222 obtinuit,
547 3157 585 3208 ut
609 3143 710 3209 frater
732 3144 803 3208 eius
827 3142 987 3225 Princeps
1005 3144 1107 3210 Fran·

170 3256 282 3327 ciscus
311 3257 377 3326 huc
404 3258 512 3322 venire
545 3268 578 3319 et
595 3275 673 3344 ,pro
698 3255 769 3338 ipso
796 3275 960 3342 resapere
986 3255 1104 3338 possrt.

171 3366 286 3457 Galli,
319 3370 395 3454 quia
417 3369 551 3440 Batavis
580 3388 666 3452 opus
696 3370 835 3448 habent,
870 3373 991 3437 volunt
1023 3373 1110 3441 circa

169 3482 335 3549 honorum
359 3484 550 3551 testimonia
574 3486 682 3552 omnia
702 3487 766 3554 illis
790 3472 981 3552 concedere.
1027 3486 1109 3551 Dis-

170 3595 301 3673 putatio
325 3612 456 3678 manet,
488 3599 554 3664 utri
587 3600 683 3683 legati
710 3600 832 3666 alteros
857 3600 1023 3668 accessuri
1044 3596 1108 3666 stat

172 3705 322 3785 priores,
353 3713 473 3788 quain
504 3731 536 3776 re
563 3715 660 3798 legati
691 3714 825 3792 Bataui,
858 3716 915 3796 qui
946 3713 1161 3799 postumus·¹

172 3835 224 3884 res
248 3834 428 3906 uenerant,
447 3829 581 3892 antehac
612 3829 726 3906 legatis
751 3826 946 3913 Danicis'in
971 3820 1032 3895 hae
1054 3845 1117 3911 un·²

608 3935 676 4019 F5
1074 3938 1115 4009 be
1189 4019 1192 4026 ¹
