2834 4830
363 367 405 434 n
507 348 1172 448 nunonrscno'rrr

363 537 520 623 quaginta
547 545 648 610 miliia
671 549 914 630 Florennrum‚
945 550 1074 635 equites
1099 548 1304 628 sexcentos,'

363 657 586 732 quatermille
610 661 739 726 modios
762 660 933 731 frumenti.
986 649 1085 730 Varie
1112 664 1165 729 hic
1195 659 1297 726 disse·

361 764 449 832 titur
480 769 531 834 de.
547 774 669 854 milite,
702 793 797 857 quatu
830 776 967 861 scribere
1001 777 1126 843 dicitur
1158 776 1299 843 Elector

360 877 662 972 Brundeburgicus.
737 889 852 969 Deus,
886 890 1117 957 Illustrisstnti
1138 887 1298 968 Domini,

323 1036 327 1045 .
359 992 578 1065 Excellentiis
597 1001 728 1067 Vestris
756 1003 809 1067 det
836 1003 944 1070 omnia
964 1023 1149 1088 prospera.⁴
1193 1004 1298 1069 Luta·

362 1127 425 1227 tite¹
445 1101 666 1254 ffitanuarii
680 1153 908 1217 ctttncxnv.

925 1277 1014 1346 Exc.
1038 1275 1171 1342 Vestris

777 1428 780 1437 ·
808 1391 962 1458 inservire
989 1391 1215 1477 paratissimus

942 1503 989 1570 H.
1025 1504 1252 1570 Gnontus.

402 1685 483 1750 Vidi
508 1700 540 1748 ct
564 1690 689 1751 Ducem
714 1689 945 1772 Anguianuma
988 1687 1118 1763 laborat
1141 1685 1195 1750 ille
1223 1684 1298 1765 qui·
1355 1674 1360 1684 ’

356 1795 452 1878 dent,
486 1812 523 1862 ut
553 1801 720 1865 exercitus
746 1802 800 1865 ilie
825 1814 1003 1883 attgcatur,
1039 1801 1080 1863 nd
1108 1819 1202 1884 quem
1229 1797 1296 1879 ipse

357 1909 470 1976 iturus
499 1925 571 1991 est,
605 1909 755 1979 sedante
782 1912 903 1978 menses
933 1911 1021 1977 duos
1049 1929 1116 1976 non
1141 1924 1237 1992 putat
1263 1909 1298 1974 id

356 2024 509 2090 effectum
536 2025 599 2106 iri;
645 2026 743 2093 etsie
771 2025 901 2091 censent
930 2024 1058 2111 etalii.
1121 2024 1236 2089 Morta
1261 2023 1296 2089 itt

357 2136 576 2227 Lotharingia
606 2150 671 2206 tatn
704 2143 775 2207 laxe
810 2138 1081 2219 circumsidunt,
1116 2152 1156 2204 ut
1183 2136 1294 2204 aditus

243 2332 249 2348 x
356 2254 535 2333 exitusque
564 2253 671 2316 adhuc
700 2253 763 2317 sint
791 2254 901 2316 liberi.
968 2252 1007 2316 In
1033 2235 1202 2315 Britannia
1229 2252 1295 2315 Ar·

356 2363 482 2429 morice
504 2362 647 2430 Ordines
682 2365 842 2431 habentur
872 2363 987 2431 Sancti
1017 2362 1224 2444 Andomari,
1262 2377 1295 2430 et
1372 2409 1375 2418 ·

356 2478 509 2543 locorum
553 2477 743 2544 vicinorum
782 2478 929 2562 praefidia
974 2494 1091 2544 auxere
1133 2477 1291 2561 Hispani.

353 2592 463 2660 Ducis
482 2590 724 2659 Aurelianensts
741 2611 846 2675 uxor,
872 2593 954 2659 salso
972 2609 1145 2678 praegnans
1168 2591 1293 2660 credita
1343 2599 1345 2604 '

355 2709 512 2786 antehac,
559 2706 678 2774 iterum
713 2725 801 2770 nunc
841 2706 988 2770 creditur
1025 2721 1154 2770 uterum
1194 2703 1292 2770 ferre.

354 2817 532 2902 Leguntur
551 2820 673 2884 milites
693 2818 728 2886 in
750 2800 886 2886 Ducatu
905 2816 1125 2902 Burgundiae‚
1149 2817 1184 2882 in
1203 2818 1293 2884 Lan·

354 2931 517 3017 gitedocin
544 2931 736 3000 Provincia.
803 2933 962 3017 Princeps
985 2929 1234 2999 Arausionensis
1260 2951 1293 2997 e·

356 3063 443 3130 quus
470 3043 554 3112 mistt
583 3045 667 3133 Regi
692 3049 790 3133 louge
820 3048 980 3130 optimos.
1049 3045 1190 3129 Recepti
1216 3044 1292 3111 sunt

354 3161 494 3228 comiter
518 3146 646 3231 etcum
671 3161 788 3248 gratia.
852 3158 1095 3229 Pariuntentatii
1119 3156 1221 3240 Angli
1247 3157 1291 3221 ie·

352 3291 450 3361 gatos
479 3275 512 3339 in
541 3273 688 3341 scotiam
713 3275 851 3342 mittunt
875 3289 908 3340 et
937 3271 1110 3355 pecuniam
1143 3268 1183 3335 ad
1209 3268 1292 3351 Sco„-

351 3398 432 3465 tos‚
457 3387 516 3471 qui
540 3389 574 3454 in
599 3388 759 3457 Hibernia
781 3389 883 3456 sunt(
944 3382 1110 3452 Vesuvius
1133 3403 1229 3451 mons
1256 3385 1291 3450 in

351 3499 447 3567 Italia
472 3502 592 3587 incipit
617 3506 760 3571 ssanttnas
782 3519 933 3583 vortere,
952 3499 1043 3586 quod
1064 3499 1142 3565 satis
1164 3514 1286 3562 rarum.

352 3613 454 3698 Apud
472 3615 609 3681 Ilerdam
628 3617 796 3700 Hispani,
825 3617 878 3684 sed
902 3633 970 3684 nott
994 3612 1112 3697 multi,
1138 3631 1156 3679 a
1179 3612 1287 3681 Gallie

354 3728 501 3812 oppressi
526 3731 614 3796 sunt.

1194 3950 1285 4021 xlx.
