2834 4830
350 384 413 440 tro
477 355 753 436 IOHANNIS
780 353 1196 437 OXENSTIERNAE

342 539 701 624 dignosci-poterunt,
726 537 785 620 qui
808 550 936 623 tamen,
963 557 1051 605 nunc
1074 539 1276 623 praeparati,

340 654 441 737 proni
471 667 503 717 et
541 652 632 718 obvii
667 650 822 719 videntur
858 654 980 721 virtuti
1012 652 1275 735 D'Av‘ausranaaa
1333 671 1337 677 ·

343 766 467 850 quippe
489 769 545 850 qui
568 765 656 849 apud
677 779 730 830 tot
747 766 894 851 Europae
921 770 1093 850 populos,
1120 782 1172 834 tot
1193 770 1281 854 lega·

337 884 491 948 tionibus
517 882 735 963 exploratus,
759 895 797 946 ut
825 882 864 947 ab
892 878 1045 947 omnibus
1070 883 1166 965 aliis9
1190 883 1236 948 ita
1261 897 1281 950 a

280 972 288 981 ’
338 994 535 1075 Germanis,
568 995 703 1077 plurimi
733 991 771 1060 fit
803 997 1006 1080 habeturque
1039 1012 1145 1062 rerum
1177 999 1281 1063 maxi·
1362 1004 1365 1009 '

338 1129 465 1176 marum
486 1126 603 1193 capax.
652 1110 762 1176 Cuius
783 1127 910 1194 quanto
932 1111 1055 1177 maiora
1080 1111 1280 1177 documenta
1347 1179 1349 1185 ,

335 1225 474 1307 reliquit
490 1223 676 1304 insumit,
696 1225 860 1290 continuo
879 1226 986 1290 decem
1003 1240 1163 1290 annorum
1186 1245 1279 1290 com·

334 1340 479 1420 mercior
507 1350 602 1426 tanto
629 1337 771 1423 aegrius,
797 1353 910 1421 nunc,
934 1358 1008 1408 cum
1033 1340 1218 1426 perspectae
1244 1346 1279 1405 et

336 1451 467 1519 fincerae
491 1448 741 1535 codperationia
760 1452 903 1516 invicem
923 1454 1128 1537 indigemus,
1149 1454 1188 1518 ab
1212 1455 1294 1517 ama'

333 1568 434 1651 plexu
470 1580 588 1630 nostro
624 1564 739 1631 divelli
775 1563 921 1646 patimur
956 1565 1002 1630 D.
1026 1563 1276 1645 D’rivnusrum,
1304 1551 1308 1558 ’
1341 1579 1344 1585 ·

334 1681 393 1767 qui
412 1700 477 1743 non
496 1681 595 1742 modo
620 1672 748 1743 difficile
767 1679 868 1743 huius
893 1692 1057 1741 tractatus
1074 1679 1273 1759 praelimina-

334 1808 369 1855 re
392 1787 641 1854 fundamentum
660 1788 750 1854 fideli
769 1790 871 1867 opera
884 1789 1071 1852 ‘nobiscnm
1095 1790 1195 1868 iecit5
1220 1789 1275 1854 sed

334 1903 431 1968 etiarn
452 1899 553 1964 sederi
574 1899 734 1966 nectendo
757 1900 925 1967 maximam
946 1914 1070 1984 partem
1094 1916 1272 1986 operatus,

332 2017 364 2082 se
387 2016 508 2098 semper
536 2013 684 2083 ostendit
708 2014 895 2100 religiosum
920 2015 992 2080 eius
1013 2014 1271 2081 observatorem

333 2132 439 2219 Quem
465 2132 536 2195 eiua
561 2130 692 2215 zelum,
718 2129 996 2213 quemadmodum
1018 2129 1121 2214 Regia
1147 2130 1275 2196 Maiea-
1329 2204 1335 2215 ,

332 2262 407 2325 tas,
431 2245 576 2309 Domina
596 2259 712 2306 nostra
729 2242 995 2317 clementissmo,
1019 2242 1174 2323 fingulari
1192 2242 1272 2305 sem·

329 2372 388 2442 per
406 2353 519 2419 favore
535 2353 705 2435 complexa
727 2366 800 2434 esta
833 2353 901 2432 ita,
926 2344 949 2419 st
973 2351 1194 2433 intellexerim
1220 2348 1267 2419 D·

327 2465 581 2547 D’Avausrum,
612 2468 676 2532 hoc
709 2465 793 2532 statu
828 2486 957 2548 rerum,
991 2464 1107 2530 abiisse
1135 2464 1271 2531 statione

329 2583 406 2664 sua,
430 2580 496 2646 stne
520 2581 623 2647 dubio
650 2582 757 2647 veluti
783 2582 1027 2664 inexpectatum
1058 2580 1139 2664 quid
1168 2595 1201 2645 et
1228 2581 1271 2648 ab

329 2698 488 2782 opinione
525 2694 582 2760 sua
613 2695 752 2759 alienum
785 2696 941 2776 accipien
1011 2695 1122 2778 Quare
1150 2709 1271 2760 vestrae
1379 2711 1386 2724 ·

326 2828 415 2877 nunc
434 2807 617 2889 prudentiae
632 2808 877 2887 committitur,
900 2786 964 2888 qua
981 2806 1108 2871 ratione
1126 2820 1158 2871 et
1180 2810 1270 2890 apud

329 2937 418 3008 quos·
442 2922 618 2986 conveniat
641 2925 910 3004 exponerehanc
933 2925 1016 2986 remi
1060 2920 1098 2986 Id
1118 2935 1267 3003 tantum,

325 3037 447 3132 amice,
480 3055 497 3101 a
530 3027 722 3102 D-Vestra
749 3014 974 3116 requirimua,
1006 3047 1045 3101 ut
1069 3054 1138 3125 earu
1168 3025 1266 3120 quam

233 3182 235 3186 ⁴
326 3149 555 3218 studiosissime
580 3148 718 3236 singulis
744 3148 963 3214 commendem

697 3262 949 3330 DomaVeatraa
1122 3322 1124 3327 s

789 3377 829 3443 ad
855 3376 961 3441 officia
985 3362 1180 3456 paratissimi

242 3474 246 3482 γ
328 3512 537 3617 osnabrugae
566 3484 752 3641 λΤΞΛΡτίΙ.
778 3520 1006 3589 ΟΙἋΟΟΧΙΝ.

822 3659 902 3724 Ion.
931 3634 1216 3751 Oxausamaua.

822 3766 901 3833 lou.
920 3769 1051 3834 Autan
1083 3768 1258 3844 Saturum
1285 3824 1287 3829 .
1367 3752 1370 3757 ⁵

1212 3945 1259 4013 11,
