2834 4830
880 143 908 203 ὤ

281 343 936 422 arrsrosmrusurrm·
1040 365 1078 433 aa
1138 315 1141 320 ’

84 548 87 557 ’
137 525 291 592 ⁸consilio
315 502 592 608 regioreperis'se
619 520 648 586 se
677 521 802 585 animos
821 518 983 588 iatisab
1017 520 1078 584 bac

149 641 325 726 largitione
351 638 496 715 alienos3
523 633 552 698 ie
583 649 687 700 tamen
708 635 786 698 mei.
801 634 895 698 causa
916 633 1081 703 facturum

152 753 244 837 quod
266 749 390 833 posset.
458 747 632 813 anemius
658 747 687 812 se
713 749 860 814 adiutare
890 749 999 826 veile,
1028 746 1082 810 sed

152 881 245 926 orare
269 877 307 949 ut
325 881 384 946 ego
409 880 543 944 quoque
567 862 596 926 ei
619 862 751 932 adiutor
774 862 886 927 essem.
922 852 1082 926 viiaiioius

152 975 183 1040 se
210 991 247 1042 ut
279 976 451 1042 custodem
482 976 586 1040 aerarii
619 976 673 1058 (id
693 990 755 1040 -est
783 975 954 1040 draconem
980 975 1098 1038 iilum

151 1088 328 1155 servantem
353 1107 448 1152 aurea
473 1092 575 1168 mala)
603 1087 804 1169 parsimoniae
834 1087 901 1150 esse
931 1088 1080 1151 laudato-

149 1222 236 1267 rema
283 1212 423 1265 attamen
448 1219 519 1278 quae
547 1219 564 1261 a
587 1219 634 1274 me
656 1200 824 1281 proposita
847 1215 938 1264 erant
962 1219 998 1263 ea
1020 1198 1083 1263 niti
1110 1191 1113 1194 ’

148 1316 297 1393 ratione,
327 1328 359 1376 et
383 1314 430 1376 ita
452 1312 519 1374 esse
545 1327 777 1393 attemperata,
809 1329 847 1379 ut
871 1313 1081 1379 laboraturus

147 1429 253 1508 esset,
278 1446 316 1491 ne
338 1406 455 1491 frustra
476 1445 534 1506 per
559 1445 606 1492 ane
628 1425 688 1508 ipsa
716 1426 974 1494 commendatum
995 1426 1080 1490 esset

148 1544 213 1609 hoc
238 1543 421 1626 negotium.
468 1539 571 1620 Spero
604 1559 671 1607 non
702 1540 795 1606 irrita
822 1541 914 1620 fore,
944 1561 1016 1624 quae
1045 1541 1078 1604 in

147 1656 209 1722 hac
233 1675 266 1721 re
291 1656 363 1747 egi,
388 1669 420 1718 et
442 1673 566 1736 porro„
590 1655 613 1722 sr
638 1635 724 1739 opus
744 1656 805 1736 sst,
831 1671 966 1750 acturus
987 1653 1077 1718 ium.

145 1770 260 1839 Audio
293 1785 399 1835 autem
429 1780 468 1832 ex
485 1763 632 1848 ‘multis,
663 1771 885 1852 abiiispano
909 1765 1079 1835 desiderari

148 1882 323 1957 inducias,
354 1881 407 1941 sed
430 1880 624 1958 perbreves,
656 1883 689 1968 in
715 1881 799 1958 spem
819 1880 906 1941 forte
931 1895 1080 1943 motuum

147 1995 183 2061 in
204 1985 334 2071 Gallia,
368 2005 425 2056 aut
448 1988 677 2055 distractionis
701 1987 867 2084 sociorum
897 2009 914 2054 a
944 1989 1079 2056 Gallitta

150 2111 291 2190 quorum
316 2118 483 2184 utrunque
500 2086 590 2168 Deus
613 2119 751 2168 avertat.
800 2103 1001 2183 Servianus,
1021 2105 1079 2184 qui

146 2223 281 2287 antebac
308 2217 510 2284 secretarius
533 2214 599 2281 fuit
620 2215 731 2282 status
749 2214 794 2279 ad.
814 2234 865 2280 res
894 2217 992 2296 belii,
1026 2214 1079 2279 sed

147 2354 204 2416 per
223 2333 428 2400 Cardirralem
448 2346 616 2426 remotus,
639 2344 671 2394 et
694 2349 781 2398 nunc
806 2331 963 2416 legationi
986 2329 1082 2394 desti·
1145 2377 1147 2383 ¹

146 2461 245 2511 natus
272 2447 400 2526 Italiae,
438 2445 665 2511 Marchionem
692 2445 871 2521 Bressaeum
903 2446 1080 2523 adiit,<“ut
1244 2425 1248 2435 ¹

148 2563 223 2622 eum
248 2573 452 2637 permoveret
484 2560 523 2620 ad
555 2555 772 2620 abdicandum
803 2557 860 2620 sub
891 2542 1078 2639 cotnpensa·

148 2669 240 2734 tione
264 2671 405 2736 officium
429 2669 696 2750 Admiraiitatis,
728 2668 820 2751 quod
844 2688 956 2754 nempe
982 2670 1083 2754 Regi·

145 2800 187 2847 na
215 2781 342 2866 Regens
370 2783 445 2849 dare
472 2785 605 2849 volebat
632 2785 721 2849 Duci
752 2782 1012 2868 Vendocinenfi,
1044 2797 1101 2852 ut'

132 2916 222 2982 cum
247 2897 347 2978 ipsius
372 2899 460 2962 bona
480 2899 653 2965 voluntate
682 2899 844 2963 obtineret
871 2899 930 2964 fibi
956 2901 1082 2989 Regina
1118 2920 1120 2922 ·

146 3011 515 3078 BritanniaeArmoricae
538 3010 790 3095 praefecturam,
814 3033 887 3093 quae
911 3011 975 3077 fine
996 3013 1083 3097 peri-

147 3127 224 3192 culo
262 3125 352 3192 reddi
384 3146 450 3213 trpn
484 3131 597 3210 posset
629 3124 893 3203 Vendocinensr,
927 3127 992 3208 qui·
1013 3146 1082 3193 eam

149 3241 226 3304 olim
256 3240 392 3321 habuit,
424 3240 515 3325 quod
546 3239 655 3303 etius
691 3237 750 3305 fibi
774 3237 816 3303 in
847 3257 913 3303 eam
944 3241 1081 3324 aiiquod

140 3351 318 3438 ¹assereret,
347 3369 380 3418 et
404 3354 529 3440 magnis
554 3353 601 3417 ibi
624 3353 840 3420 affinitati-bus
866 3355 1080 3437 possesiiotri·

145 3465 276 3548 busque
308 3466 390 3531 osset
424 3467 597 3535 subnixus.
676 3467 792 3551 Legati
831 3469 870 3532 ad
906 3486 1015 3554 pacem
1047 3484 1079 3535 et

150 3593 373 3662 cunctantur,
397 3597 428 3648 et
450 3582 536 3646 forte
558 3580 664 3649 adbuc
686 3582 953 3664 cunctabuntur,
976 3585 1019 3647 ob
1044 3603 1081 3649 ea

29 3675 31 3680 Α
79 3673 83 3686 ’
135 3711 219 3781 'quae
244 3711 385 3776 aguntur
411 3714 490 3780 post
521 3695 686 3779 fiparium.
734 3694 945 3764 Guebriantts
970 3695 1009 3760 ad
1037 3696 1083 3760 Ii·

147 3805 251 3872 larum
279 3826 401 3873 amnem
427 3809 494 3877 esse
522 3811 699 3880 scribitur:
755 3811 796 3878 ad
826 3812 970 3877 Licham
1000 3800 1080 3874 Dux

1018 3921 1082 3990 Ca·
1151 3933 1153 3938 “
