2834 4830
244 366 289 442 94
390 349 1052 428 uuooursunortt

187 499 191 506 ¹
246 528 340 592 thutn
371 539 597 605 commentus,
632 539 665 588 et
695 527 869 610 eruptione
905 531 993 597 facta
1028 532 1181 600 damnum

246 640 357 706 elatum
382 639 621 706 obsidentibus.
675 638 793 726 Legati
812 643 970 710 Italorum
988 645 1179 731 Principum
1276 730 1279 735 ¹

236 733 338 817 ¹ilrnul
355 754 455 836 opud
480 752 685 819 cardinalem
711 751 801 819 fuere
824 757 875 822 his
899 759 1032 826 diebus.
1089 762 1182 827 Mat·

244 864 334 928 srnua
370 867 410 929 ad
439 866 672 933 Marescallum
702 866 842 936 Turenae
872 872 973 938 ducit
1009 892 1183 959 augmenta

245 958 429 1061 eopinrunt.
477 981 591 1061 Deus,
616 980 837 1049 illustrissimi
854 999 886 1050 et
903 986 1180 1055 Excellentisfinri
1220 1004 1225 1016 ‘

242 1093 402 1179 Domini,
422 1095 639 1163 Excellentiie
656 1096 788 1162 Vestris
806 1097 860 1164 det
879 1090 987 1165 omnia
1004 1119 1179 1185 prospera.

242 1229 388 1301 Lorenae
406 1203 502 1357 ἐξ
523 1237 639 1333 Martii
663 1244 890 1310 crnrrcxnu

680 1381 898 1446 Excellentiir
924 1380 1057 1444 Vestris

671 1491 823 1557 inservire
850 1491 1075 1572 paratisiituuo

832 1603 878 1669 Η.
907 1603 1134 1705 Gnorror.

284 1769 486 1835 Harcurtius
512 1770 672 1837 Narbona
696 1773 860 1837 transiens
887 1772 940 1837 sex
964 1772 1067 1838 millia
1090 1772 1177 1836 rnili-

183 1916 186 1925 =
240 1895 311 1949 tum
329 1903 368 1950 ex
388 1862 456 1949 illis
473 1883 561 1949 ioeir
581 1883 614 1948 in
634 1885 837 1951 Catulaniam
857 1884 1049 1953 transmitit.
1095 1887 1177 1952 Dor

239 1999 384 2068 Carolus
412 1997 557 2063 Mottanr
591 1997 626 2063 in
650 1998 874 2085 Lotharingia
902 1999 1007 2084 sperat
1035 1999 1065 2065 se
1096 2001 1184 2066 liiu-x

108 2099 126 2127 ²
240 2132 310 2180 rare
329 2113 368 2179 ab
388 2111 514 2178 obssdio
534 2111 643 2196 posse.
690 2112 808 2200 Legati
831 2114 946 2180 Batavi
968 2114 1173 2179 Parlamentn

235 2226 459 2310 proposuere,
482 2246 556 2288 cum
582 2226 754 2307 religionis
781 2226 875 2290 causa
899 2229 1118 2291 communiter
1141 2242 1175 2291 et

181 2340 183 2345 ⁴
235 2337 380 2402 Batavos
405 2335 527 2417 spectat
549 2348 581 2398 et
600 2336 898 2418 Parlamentarioa‚
928 2336 1051 2419 sperare
1078 2336 1174 2416 se‚·a

236 2450 325 2535 Rege
349 2450 479 2536 Magnae
501 2449 676 2516 Britanniae
702 2450 798 2534 posse
822 2450 964 2518 obtineri
987 2466 1047 2533 ut,
1080 2453 1174 2538 quod

236 2566 395 2650 Synodus
424 2563 615 2631 Nationalir
643 2565 773 2650 Angliae
808 2563 964 2631 canonice
996 2584 1175 2653 congrega·

233 2694 289 2760 ta,
315 2678 484 2745 advocatis
517 2677 612 2742 etiam
642 2695 683 2742 ex
714 2679 889 2744 Germania
922 2695 955 2743 et
990 2679 1174 2745 Hollandia

235 2791 456 2868 doctoribus,
496 2791 697 2872 decreuerit,
735 2808 774 2855 eo
799 2789 870 2855 liet.
937 2788 1019 2854 Non
1041 2791 1173 2872 placuit

232 2905 297 2973 hoc
318 2902 602 2984 Parlarnentariie,
636 2906 695 2986 qui
718 2906 894 2986 dixerunt,
925 2901 1013 2970 suam
1039 2902 1173 2988 religio·

233 3037 305 3083 nem
333 3020 393 3084 srbi
414 3017 480 3084 esse
504 3017 695 3105 cognitanr
738 3020 894 3084 inducias
918 3019 1014 3084 etiam
1038 3034 1095 3084 aut
1122 3018 1173 3082 di·

232 3130 415 3199 missionem
435 3134 549 3199 militie
567 3133 606 3198 ab
626 3146 768 3217 utraque
784 3149 876 3216 parte
892 3135 1071 3228 noluerunt
1089 3149 1171 3195 con·

233 3247 358 3312 cedere.
406 3245 540 3311 Interim
570 3247 626 3328 qui
655 3245 714 3312 sub
740 3245 879 3312 Esiexio
905 3245 993 3309 fuere
1024 3244 1170 3326 milites,

234 3374 413 3439 poniquaur
446 3357 500 3423 ille
534 3377 574 3424 ex
598 3359 792 3426 Ptrl'amenti
818 3359 950 3423 decreto
983 3357 1012 3422 ie
1039 3358 1078 3424 nb
1110 3360 1171 3422 im·

233 3469 326 3555 perio
357 3468 546 3553 abdicavit,
575 3471 777 3541 tumultuose
806 3487 930 3557 agunt:
958 3487 1024 3537 trea
1052 3485 1171 3536 turrnae

232 3586 273 3651 ad
299 3583 419 3669 Regem
447 3585 649 3671 concessere.
720 3589 888 3654 erlerua
925 3598 1066 3648 conatus
1101 3581 1169 3648 fuit
1198 3586 1200 3591 ’

233 3699 267 3766 in
292 3698 508 3766 Fnrnhamuru
528 3713 632 3763 arcent
653 3696 684 3762 se
705 3701 859 3780 recipere.
909 3695 1040 3763 Haltam
1062 3716 1167 3765 arcein

136 3829 141 3841 ·
230 3815 265 3882 in
290 3816 545 3897 Willirtcepere
563 3811 822 3881 Ptrlautenttrii.
869 3808 937 3899 Qui
959 3813 1103 3880 eiusdem
1132 3814 1167 3876 ln

1097 3924 1170 4007 lly-
