2834 4830
248 341 294 411 80
384 337 723 408 HUGONIS
767 344 1095 422 GROTII'

248 509 456 596 'Anguiannm
482 509 555 574 inde
581 523 722 579 maneret
740 516 865 601 gloria,
891 519 989 586 staur
1014 535 1077 590 tant
1094 527 1178 592 bene

244 625 416 692 inchoatas
444 643 462 689 a
486 623 515 688 se
539 641 589 688 res
614 623 752 691 feliciter
775 633 990 716 proveheret,
1014 652 1070 703 aut
1090 639 1173 706 Ger·

145 736 147 740 ’
244 754 360 807 manoe
396 756 453 824 per
488 736 517 800 se
550 755 661 821 pacem
702 739 913 809 desiderantes
950 746 1002 812 sed
1041 751 1174 835 ingenio

242 852 357 931 tardos
379 849 418 916 ad
438 867 548 932 pacem
568 851 759 933 impelleret.
805 855 979 939 Promisit,
1004 864 1033 926 se
1056 863 1089 927 in
1108 865 1171 928 hac

241 982 275 1029 re
302 960 489 1045 facturum,
515 985 586 1046 quae
611 964 745 1047 posset,
771 981 841 1034 turn
862 969 978 1036 Galliae
1003 985 1072 1039 turn
1093 976 1175 1040 Sue·

236 1075 323 1156 ffiae,
347 1089 417 1141 turn
439 1076 500 1142 filii
527 1077 577 1144 sni
603 1080 709 1146 causa.
754 1082 937 1149 Germanus
964 1087 1055 1150 miles
1084 1087 1173 1168 apud

241 1192 501 1277 Argentoratum
528 1188 591 1275 legi
625 1194 764 1274 incipit:
813 1217 876 1276 qua
908 1197 940 1259 in
967 1199 1046 1261 urbe
1073 1199 1174 1263 Stella

238 1305 380 1370 muitum
410 1299 604 1383 praedicavit
634 1301 791 1369 sincerum
821 1303 939 1372 Galliae
972 1301 1111 1374 studium
1138 1310 1173 1375 in

238 1415 436 1503 restituenda
451 1415 633 1481 Germaniae
651 1415 820 1497 libertate,
847 1419 937 1498 quod
961 1438 1061 1486 unuin
1086 1442 1171 1502 prae·

161 1554 163 1558 “
240 1532 341 1600 nium
365 1540 420 1596 tot
446 1528 595 1594 laborum
620 1526 899 1610 impetrsarunrque
924 1531 962 1594 ab
986 1549 1021 1595 ea
1047 1530 1172 1612 specta·
1237 1557 1241 1568 ·

238 1646 283 1711 ri.
328 1644 396 1710 Ibit
418 1636 696 1722 Francofurtum,
726 1641 879 1707 dicturus
905 1643 1039 1724 finilia,
1071 1660 1103 1708 et
1131 1644 1172 1710 ad

239 1758 321 1822 aliar
348 1755 466 1833 urbes,
491 1753 549 1816 ubi
569 1752 599 1817 se
618 1768 694 1850 tutq
708 1751 860 1821 futurum
876 1756 1020 1837 putabit.
1068 1757 1169 1823 Fran·

239 1864 437 1934 cofurtensrs
461 1875 647 1928 conventus
675 1860 820 1931 nonduin
841 1867 1002 1935 discessrt.
1048 1868 1171 1938 Literae

238 2006 258 2054 a
281 1987 327 2050 D.
348 1962 505 2048 Seriiano
536 1979 614 2044 illuc
641 1975 742 2044 missae
774 1981 866 2046 lectae
901 1995 967 2047 non
1000 1983 1095 2063 sunt,
1119 1986 1172 2050 sed

237 2098 418 2168 mittuntur
449 2093 489 2160 ad
523 2093 732 2175 Imperatoris
770 2096 896 2177 aulam,
930 2110 968 2161 ut
993 2097 1021 2161 is
1050 2101 1171 2182 piretu-²

238 2208 341 2282 dicet.
386 2205 508 2292 Magna
530 2207 569 2270 ad
593 2224 717 2270 omnem
744 2208 845 2288 ripam
866 2210 1011 2275 Danubii
1033 2228 1083 2276 est
1106 2227 1170 2277 tre·

241 2326 370 2414 pidatio
393 2321 435 2386 ob
455 2330 646 2382 nostrorum
668 2335 847 2400 prosperos
871 2320 1052 2391 successus.
1087 2325 1170 2392 Cre·

237 2443 330 2506 ditur
361 2448 468 2502 autern
494 2428 758 2500 Dntnrstadiensrs
781 2431 1034 2520 Landgravius‚
1070 2459 1168 2521 quant

237 2551 362 2643 poterit
383 2548 460 2628 diu,
486 2544 666 2609 obstiturus
697 2544 840 2611 libertati
868 2547 1069 2637 Lantigravii
1096 2555 1167 2622 Fri·

236 2665 362 2744 deriei,
392 2675 430 2727 ut
461 2678 497 2724 ea
526 2657 649 2722 ratione
682 2656 813 2724 facilius
845 2680 883 2726 ex
915 2663 971 2731 sua
998 2667 1050 2750 ipe
1075 2668 1168 2735 finiat
1231 2688 1235 2696 ·

237 2773 477 2844 controversras
500 2771 772 2857 Marpurgenses,
797 2773 929 2854 quando
955 2775 984 2838 is
1008 2777 1164 2862 Princeps

237 2892 274 2961 in
295 2890 394 2955 domo
415 2883 591 2954 Casselensr
612 2885 702 2951 solus
723 2899 799 2967 est,
825 2889 881 2971 qui
904 2890 955 2954 ius
981 2887 1070 2958 suurn
1096 2911 1166 2961 non

235 3001 416 3072 abdicavit.
463 2997 622 3064 Mercinci
644 2999 748 3082 copiae
766 2999 806 3065 ad
824 3001 1030 3070 Harbrunarn
1050 3022 1164 3089 erent,

236 3131 356 3209 praeter
377 3127 500 3198 partem
520 3130 586 3178 non
608 3131 772 3199 magnam,
797 3133 891 3196 quam
918 3116 976 3182 sub
999 3119 1163 3200 Sporckio

85 3247 88 3254 ¹
160 3231 162 3236 ’
234 3230 278 3301 ad
300 3227 511 3296 Hazieldiurn
533 3226 671 3292 miserat.
719 3228 936 3296 Marescalitts
960 3229 1100 3295 Turenae
1123 3230 1164 3298 ad

232 3343 483 3430 Magontiacutn
507 3340 615 3405 rediit.
662 3341 730 3428 Qui
753 3341 996 3427 Pirilipp'iburgi
1018 3343 1054 3409 in
1079 3363 1164 3428 prae·

234 3456 316 3530 fidit>
343 3454 437 3535 sunt,
477 3453 523 3520 ibi
556 3456 789 3533 continentur,
831 3473 889 3520 nec
924 3456 1079 3521 excursus
1113 3453 1161 3522 fa·

236 3573 354 3651 eiu'nt,
376 3586 510 3648 nempe,
535 3585 577 3652 ne·
601 3567 759 3633 exercitui
784 3581 901 3634 caetero
926 3565 1072 3633 auferant
1101 3570 1161 3636 ali·

234 3699 354 3752 menta.
420 3676 602 3746 Constituit
625 3679 899 3761 Magontircensrs
923 3678 1085 3764 Elector,
1110 3701 1161 3748 re·

232 3796 390 3887 spondere
419 3792 461 3864 ad
488 3790 623 3878 literas,
652 3807 711 3878 per
743 3809 825 3875 quer
857 3792 898 3861 ad
923 3795 1083 3882 colloquii
1108 3798 1160 3887 io·

1085 3926 1160 3978 cum
