2834 4830
210 371 214 383 '
260 368 593 440 1E·PISTOLAE
638 368 920 439 INEDITAEa‘.
1029 375 1089 450 81„

132 563 208 609 cum
228 542 404 605 invitatur·
451 540 604 604 Marchio
620 539 974 607 Sanctichaumontiua
985 585 996 620 ,
1013 540 1071 620 qui

133 655 257 720 dicitur
280 653 382 719 sedem
404 655 634 734 apostolicam
654 654 767 735 pretio
795 653 980 733 addixisse3
1004 656 1069 721 huc

130 785 332 848 reuocatus,
365 780 503 846 necat,
537 767 738 833 advocatum
763 766 822 834 fibi
850 766 983 850 sumpfit
1008 787 1070 850 po·

23 865 28 869 ’
133 879 285 964 dagram,
309 893 485 947 attestante
511 879 582 962 ipso
608 880 784 946 Pontifice.
850 882 944 948 Sicut
974 881 1068 947 Gulii

132 1013 237 1059 arcem
264 993 425 1077 quandam
452 992 488 1058 in
515 992 568 1058 via
593 994 633 1059 ad
657 994 810 1062 Cenfium
832 996 965 1079 ignibus
994 1013 1068 1058 cor·

131 1125 270 1190 rupere,
304 1107 349 1171 ita
379 1104 465 1172 fama
499 1120 574 1188 est,
607 1109 689 1173 velle
720 1108 890 1189 Hispanos
920 1108 1071 1175 Bremum

129 1221 201 1285 solo
228 1237 379 1301 aequare,
402 1219 599 1302 priusquam
622 1240 639 1284 a
660 1212 770 1285 Gallis
794 1221 956 1302 capiatum
1005 1221 1071 1285 Re·

85 1422 89 1431 ·
126 1334 162 1418 gi
184 1330 357 1416 Hispaniae
388 1328 493 1398 multa
517 1348 756 1423 proponuntur
778 1335 983 1400 matrimonia
1003 1335 1069 1400 Oc·
1137 1312 1140 1317 ’

86 1536 90 1541 ¹
129 1449 341 1530 nipontanae,
366 1445 580 1526 Mantuanae,
602 1438 823 1529 Mutinensis,
848 1448 1069 1531 Florentinae,

127 1577 247 1644 praeter
268 1578 349 1643 eas,
371 1581 444 1642 quae
466 1550 542 1625 sunt
573 1561 607 1651 in
627 1559 739 1627 Gallia
757 1574 789 1626 ct
808 1563 901 1633 alibi.
948 1565 1070 1630 Barba·

129 1673 211 1740 riuis
244 1688 311 1740 non
342 1672 489 1738 succedit
525 1673 717 1755 imploratio
754 1675 829 1757 opis
862 1676 1067 1757 Hispanicae.

14 1774 17 1779 ¹
108 1787 254 1870 Magno
275 1787 414 1851 fulmine
436 1805 477 1852 ex
495 1805 568 1851 arce
586 1787 750 1852 Vaticana
771 1789 828 1852 iila
851 1788 973 1853 domus
996 1811 1068 1874 per·

131 1897 273 1960 cutitur.
328 1895 381 1958 Ex
404 1893 558 1976 Bapalma
582 1892 671 1958 Galli
697 1894 814 1980 egressi
836 1915 959 1977 puenas
988 1901 1069 1966 His·

131 2009 226 2093 panis
256 2007 429 2072 dederunt.
477 2005 621 2089 Hispani
646 2025 750 2088 uero,
777 2032 874 2089 cum,
899 2016 972 2097 gelu
1003 2012 1069 2079 fre·

129 2124 180 2202 ti,
206 2124 352 2189 Wattam
372 2139 563 2206 oppugnare
582 2123 724 2203 velient,
749 2123 862 2188 reiecti
881 2125 969 2189 sunt.
1012 2125 1068 2192 In·

129 2236 331 2320 affligimus,
354 2238 483 2301 Ducem
506 2235 668 2298 Bavarum
696 2235 812 2298 callide
835 2252 867 2300 ct
889 2241 978 2320 apud
1001 2242 1068 2310 Im.

127 2363 308 2430 peratorem
333 2363 366 2414 et
392 2349 447 2415 hic
470 2348 505 2414 in
520 2347 632 2415 Gallia
662 2347 874 2414 conditiones
897 2373 1067 2436 propone·

65 2538 68 2543 ¹
128 2479 185 2541 re,
218 2480 278 2544 per
301 2479 387 2543 quas¹
409 2459 469 2525 fibi
500 2459 668 2535 consulit,
706 2474 739 2522 et
767 2464 854 2542 apud
887 2466 1065 2547 Imperato-

127 2592 214 2653 rem,
252 2595 327 2640 cum
365 2572 548 2656 superioria
588 2570 793 2638 Palatiuatus
830 2576 1068 2654 possessionem

125 2687 236 2754 videat
268 2687 433 2767 titubare,
464 2699 574 2779 pctere
602 2702 698 2764 eum,
731 2701 790 2750 aut
823 2687 872 2752 XI
901 2690 1065 2757 miilionea

124 2801 212 2866 bellu
243 2801 427 2883 impensas,
458 2815 536 2878 aut,
569 2816 652 2880 quaa
688 2801 823 2865 antehac
850 2803 989 2885 habuit,
1023 2804 1065 2870 ad

125 2913 271 2983 Onasum
294 2927 417 2976 terras:
465 2910 610 2977 Turcam
641 2928 747 2978 autem
774 2913 808 2979 in
837 2917 941 2978 limite
968 2917 1063 2981 Hun-

124 3024 238 3110 garico
266 3025 406 3092 multum
434 3024 491 3092 sua
517 3045 632 3113 augere
658 3028 825 3111 praefidiaa
868 3028 1064 3111 Rempubii·

123 3159 192 3207 cam
219 3139 378 3207 Venetam
406 3140 490 3204 ciam
515 3142 619 3207 multa
646 3138 754 3206 facere
778 3141 813 3206 iu
837 3143 973 3226 gratiam
997 3144 1062 3210 lm·

121 3255 303 3340 putatoris:
328 3253 432 3320 caesos
446 3253 661 3338 Portugaiioa
681 3255 770 3320 mille
786 3254 827 3320 ad
843 3255 1057 3322 Taiavcram:

15 3439 17 3442 .
122 3369 244 3433 iactare
271 3367 477 3449 Bavaricos‚
524 3367 699 3434 habituros
734 3370 765 3435 se
799 3389 872 3436 vere
902 3374 1060 3454 proximo

121 3480 202 3545 xiv
226 3480 329 3546 millia
355 3481 547 3562 hominum,
576 3495 697 3565 praetet
727 3502 809 3566 eoa,
842 3504 927 3568 quoa
951 3489 1060 3570 Impe-

124 3595 227 3657 ratori
248 3609 306 3661 aut
328 3595 605 3679 commodarunt,
629 3612 686 3665 aut
701 3597 777 3665 suut
791 3599 1056 3668 commodaturia

91 3728 92 3735 ¹
122 3701 450 3779 Austriae'Ordines
488 3717 636 3797 paullum
669 3712 795 3796 aliquid
827 3714 979 3780 conferre
1016 3710 1060 3780 ad

124 3832 233 3887 tantas
259 3818 471 3904 Imperatoria
497 3826 730 3908 necessitates,
752 3824 896 3892 ducenta
912 3838 946 3893 et
961 3825 1060 3910 quin·

579 3937 606 4001 F
983 3956 1065 4025 qua·
