2834 4830
297 348 389 421 ,ῃ
484 332 823 405 uuuours
869 336 1144 415 umorrr

339 509 454 594 pirata
487 517 644 589 apparent
680 507 712 572 in
747 509 826 575 mari
858 511 942 576 inter
975 512 1168 596 Hispaniam
1199 519 1271 584 Arr-

338 625 515 720 ¹glianrque.
562 619 800 706 RegisAngliae
824 625 990 706 equiratus
1014 631 1052 693 ab
1079 633 1268 700 excursibus

340 743 440 813 factis
463 738 625 806 Oxoniam
650 737 760 803 rediit.
807 739 958 820 Dicunt,
987 748 1044 823 qui
1064 745 1269 811 Parlamento

338 859 473 936 favent,
512 850 758 939 quatuordecim
789 850 967 921 Scotorum
994 859 1094 924 millia
1122 860 1272 929 invasura

337 985 463 1059 purtem
485 967 613 1052 Anglire
640 966 841 1032 Australem.
910 969 970 1034 Sed
1000 986 1083 1052 puto
1107 974 1199 1053 haec,
1234 990 1272 1040 ut

337 1085 442 1154 multa
463 1083 562 1162 talis,
587 1080 683 1164 supra
708 1100 821 1148 verum
845 1083 966 1148 inflari.
1033 1087 1148 1166 Deus,
1174 1086 1272 1152 Illus-

290 1176 293 1195 ¹
337 1198 473 1266 trissrmi
501 1195 657 1269 Domini,
685 1196 900 1259 Excellentiis
920 1197 1051 1260 Vestris
1082 1198 1135 1262 det
1166 1200 1271 1264 omnia

335 1324 508 1397 prospera.
561 1306 726 1385 Lutetiae,
751 1308 826 1371 armi
853 1308 940 1389 apud
973 1290 1033 1373 n‘os
1058 1322 1272 1384 Cloiochv

336 1424 387 1490 die
416 1423 574 1503 septimo,
619 1439 712 1500 quem
743 1440 863 1486 annum
892 1423 1120 1488 Excellentiis·
1141 1429 1271 1493 Vestris

269 1609 274 1623 ,
339 1537 561 1607 felicisimum
591 1552 723 1618 precor.

787 1647 1003 1714 Excellentiis
1016 1648 1148 1715 Vestris

784 1759 937 1826 inservire
962 1760 1205 1841 paratissimus,

921 1871 966 1934 H.
995 1871 1091 1936 Guo
1104 1890 1227 1941 nus.

314 2148 317 2153 ·
373 2103 559 2181 Audimus,
585 2099 735 2165 Turum·
755 2097 787 2161 in
807 2096 938 2163 Stirium
962 2097 1152 2180 irrupsisse:
1180 2101 1271 2168 Con·

331 2221 477 2288 stantiam
498 2213 743 2293 Pamphyliam,
769 2228 874 2273 natam
892 2232 931 2274 ex
949 2213 1046 2274 fratre
1064 2215 1182 2292 Papae,
1208 2234 1268 2278 nu.
1294 2259 1296 2264 .

332 2334 407 2400 bere
428 2324 575 2405 Principi
604 2320 787 2387 Piombmi:
834 2322 1013 2385 Bavaricos
1039 2324 1163 2406 multos
1197 2345 1269 2406 par·

232 2423 235 2431 ¹
331 2448 392 2512 tim
419 2441 486 2508 esse
510 2412 550 2504 ud
576 2436 747 2502 S-uevicum
773 2435 912 2514 vallem,
945 2438 1063 2519 purtim
1091 2439 1130 2503 ud
1161 2440 1267 2505 Nort-

328 2526 487 2643 ungam,
522 2550 789 2635 Mergenthaliaur
822 2565 854 2613 et
894 2551 981 2633 apud
1015 2553 1200 2643 Augustam
1235 2568 1268 2619 et

327 2672 459 2739 Ulmum
484 2681 517 2731 et
540 2667 572 2731 in
594 2665 737 2729 Bavariae
765 2663 901 2728 finibus.
949 2666 1133 2744 Subrunus,
1158 2669 1265 2732 Galli·

328 2801 389 2850 eus
407 2781 585 2859 Refidens,
610 2782 749 2844 multum
770 2774 930 2842 Londinii
954 2775 1106 2853 laborat,
1132 2793 1168 2841 ut
1188 2781 1268 2842 Gal-

328 2880 546 2976 li,*durante
578 2890 668 2957 civili
699 2892 733 2956 in
762 2884 882 2977 Anglia
914 2890 1023 2970 bello,
1059 2890 1098 2954 ab
1125 2903 1265 2972 utraque

329 3024 422 3095 parte
452 3004 640 3089 illacessrti,
664 3004 817 3071 fruantur
843 3005 924 3071 muri
946 3022 978 3071 et
1001 3005 1224 3072 commerciis.
