2834 4830
354 367 395 446 sc,
488 366 1153 437 rruooutsouo‘rrr

248 585 250 589 a
357 535 539 616 tinuerint‚
563 555 631 602 non
652 539 748 626 longe
775 558 832 605 eos
858 558 877 605 n
902 539 1130 607 Gallicofine
1158 533 1309 605 obsone·-

356 649 395 715 ln
423 649 566 732 Gorini,
596 652 693 737 legati
714 652 777 718 hle·
793 652 942 739 Anguis,
966 652 1007 720 ad
1030 652 1187 739 Reginum
1214 651 1286 718 An·
1347 685 1349 690 ·

354 763 431 845 gline
461 763 564 830 literis
593 777 625 830 et
659 766 722 833 hoc
755 779 847 847 erat,
881 783 949 832 non
978 766 1092 832 debete
1127 765 1285 850 Reginam

358 888 484 939 ueteres
505 891 614 943 vestes
632 879 792 960 abiicere,
815 879 1009 964 priusquam
1030 879 1145 945 habeat
1165 894 1286 943 novas·

359 985 397 1050 Id
425 1005 504 1054 vero
533 991 587 1057 hic
616 988 741 1078 Regina
769 993 898 1079 Regens
924 1013 998 1060 cum
1023 991 1154 1059 Gorino
1181 989 1287 1054 collo·

359 1114 463 1182 quens
490 1103 537 1173 itt
567 1104 872 1191 interpretatum,
902 1105 1034 1172 suadere
1056 1102 1287 1187 eum‘Reginae

356 1233 393 1280 ac
420 1216 673 1301 RegiAngliae,
702 1236 740 1281 ne
759 1220 798 1280 ab
821 1218 1004 1298 Hispanica
1027 1217 1170 1283 amicitia
1202 1230 1288 1278 rece.-

266 1389 270 1395 .
358 1328 460 1406 dant,
485 1326 559 1394 dum
583 1330 616 1394 in
643 1329 770 1396 incerto
795 1343 868 1409 est,
894 1328 974 1410 quid
998 1348 1015 1394 a
1039 1327 1149 1395 Gallia
1170 1329 1209 1394 srt
1233 1344 1292 1391 ex·

290 1488 293 1494 -
358 1441 582 1522 spectandum.
629 1444 706 1510 Fuit
725 1457 831 1510 autem
860 1443 1012 1511 Gor-inus
1038 1461 1142 1526 nuper
1167 1441 1290 1508 Caten-

360 1557 454 1636 toni‚
484 1557 596 1639 ibique
621 1557 707 1639 apud
736 1557 808 1623 eius
838 1556 992 1623 Ecclesiae
1023 1555 1195 1641 ministros
1224 1569 1290 1620 tes·

360 1683 551 1748 natusest,
577 1670 699 1754 Regem
726 1669 841 1750 suum,
876 1668 1037 1751 quicquid
1064 1684 1213 1739 rumores
1241 1666 1292 1732 di·

361 1796 460 1861 cant,
491 1781 612 1865 semper
641 1781 714 1847 fore
747 1782 947 1848 defensorem
972 1781 1046 1846 fidei
1069 1796 1101 1848 et
1118 1780 1289 1866 religionis

361 1893 557 1959 reformatae.
605 1893 669 1959 Sed
704 1896 767 1961 hoc
798 1893 848 1958 illi
878 1892 972 1958 dictu
1002 1878 1099 1975 guam
1125 1895 1197 1959 aliis
1222 1913 1291 1960 cre·

308 2074 311 2079 ,
361 2007 436 2072 ditu
462 2004 528 2072 fuit
553 2005 697 2074 facilius.
757 2006 848 2093 Quos
874 2024 890 2069 e
914 2005 1049 2072 llatavis
1083 2006 1195 2088 accepi
1221 2009 1300 2075 lite-.

360 2138 414 2187 ras
436 2132 485 2188 eae⁴
500 2139 550 2189 me
577 2116 731 2202 docent,'
752 2121 877 2189 multos
903 2119 960 2201 qui
985 2119 1032 2184 ibi
1058 2118 1092 2185 in
1113 2117 1235 2188 summa
1259 2136 1293 2183 re

360 2233 534 2297 versantur
568 2243 704 2312 optare,
745 2244 783 2294 ut
813 2231 879 2294 lroc
907 2239 1051 2310 tempore
1079 2229 1175 2296 fedus
1206 2232 1294 2295 inter

361 2342 515 2409 Suediam
539 2358 572 2408 et
588 2343 732 2411 llatavoa
755 2361 795 2408 ex
812 2342 919 2427 gentis
944 2342 1120 2424 utriusque
1147 2360 1293 2409 commo·

361 2432 406 2521 do
433 2455 504 2522 fiat.
551 2457 683 2544 Quibus
705 2471 810 2525 autem
838 2455 872 2522 ld
895 2457 997 2522 velint
1018 2456 1292 2538 conditionibus,

232 2578 233 2588 ’
315 2558 318 2564 ’
360 2567 397 2637 ld
421 2556 547 2655 optime
563 2571 694 2637 noverit
718 2572 763 2637 D.
787 2571 989 2657 Spiringius.
1014 2570 1153 2656 ‘Legati
1173 2570 1297 2638 Gallici

363 2683 471 2750 adhuc
496 2700 625 2765 tempus
648 2682 681 2749 in
707 2682 841 2748 Batavis
864 2699 988 2748 terunt.
1039 2687 1120 2752 Dux
1151 2685 1296 2751 Carolus

360 2794 495 2861 uidetur
527 2798 667 2863 militum
696 2794 830 2864 suorum
862 2810 985 2879 partem
1016 2795 1099 2860 velle
1129 2798 1296 2863 collocare

361 2907 397 2975 in
429 2906 620 2975 Coloniensi
653 2930 730 2995 agro
755 2925 788 2977 et
814 2907 998 2978 iuliacensi.
1052 2908 1147 2977 Hassr
1179 2911 1295 2996 specu·

361 3024 474 3091 lantur
499 3022 637 3089 aliorum
666 3022 790 3088 exitus.
839 3023 1085 3107 Classis,'quae
1118 3023 1157 3089 ad
1184 3024 1295 3091 Gades
1339 3033 1344 3040 '

361 3134 517 3216 advenit,
537 3135 685 3217 portasse
705 3136 850 3219 dicitur,
868 3139 986 3222 purtim
1001 3137 1083 3222 Regi
1100 3137 1293 3217 Hispania,

360 3251 483 3334 partim
509 3251 769 3333 mercatoribus,
798 3252 862 3319 XII
885 3251 1087 3319 scutatorum
1117 3249 1292 3316 milliones.

361 3361 477 3426 Morta
508 3361 728 3431 Odincurtius
758 3343 891 3432 videtur
922 3380 989 3428 non
1019 3359 1076 3427 diu
1098 3359 1234 3430 futurus
1261 3363 1296 3427 io

270 3522 277 3530 .
362 3468 485 3559 quibus
501 3490 552 3541 est
576 3478 759 3558 partibus,
805 3478 862 3558 qui
883 3477 1093 3560 propinquus
1113 3490 1163 3540 est
1180 3477 1297 3559 Nnye·

362 3587 402 3655 rii
429 3601 462 3652 et
491 3587 634 3654 creditur
669 3608 778 3658 earum
806 3588 874 3655 esse
908 3590 1077 3673 partium,
1118 3608 1191 3670 quae
1220 3589 1296 3656 sunt

339 3714 479 3767 'contra
513 3699 720 3768 Cardlnalem
745 3702 970 3766 Mazarinum.
1032 3700 1100 3767 Pax
1134 3702 1166 3767 in
1200 3702 1295 3768 Italia

361 3816 408 3883 ita
433 3828 601 3899 praecocta
627 3828 700 3897 eat,
721 3826 762 3885 ut
787 3811 1058 3899 adprobationem
1088 3829 1215 3884 tantum
1233 3813 1294 3879 Pa·

1217 3942 1289 4018 'pae
