2834 4830
287 397 290 401 -
338 330 1077 443 ·u1>1sn.mo.·cru1s'nuruu.
1125 387 1185 451 ιη
1240 420 1243 433 .
1287 338 1291 345 ’

244 540 313 606 erit
346 541 552 606 numerosum
583 539 676 609 suum
704 535 865 602 militem?
919 533 1074 601 Retineri
1101 535 1186 603 idem

249 673 340 734 non,
357 652 423 721 fine
439 673 556 741 magno
574 655 646 720 eiua
669 652 917 732 vicinarumque
937 649 1187 732 provinciarum

250 783 369 850 onere,
386 782 419 833 et
435 767 628 852 suspicione
644 764 865 832 federatorum
874 764 1086 850 Regnorum,
1103 782 1184 849 pos·

247 879 308 945 serr
355 879 415 948 Sin
429 890 509 947 uero
524 893 738 946 exauctorare
755 879 893 945 eundem
910 860 1076 959 voluerit,
1095 877 1185 942 haud

248 991 346 1057 dubie
375 993 588 1076 Caesarianae,
630 1012 704 1060 uon.
732 1008 856 1058 nostrae
891 994 999 1077 parti,
1037 992 1181 1056 accedet.

247 1105 460 1190 Quocunque
491 1125 571 1192 ergo
604 1106 704 1172 modo
747 1107 941 1174 Bovaricum
979 1107 1186 1189 postulatum

243 1220 507 1300 versaverimus,
532 1220 788 1301 deprehenditur
813 1219 1002 1285 insidiosum
1030 1235 1062 1284 et
1089 1220 1181 1283 intu-

244 1346 331 1398 tum.
394 1335 508 1413 Atque
537 1331 651 1398 ideo-a
674 1333 784 1400 Gallia
812 1353 899 1398 nuuc
924 1335 1040 1399 merito
1064 1352 1183 1415 expec-

244 1458 354 1511 tamus
381 1446 594 1527 valldiorem,
620 1466 717 1528 quam
740 1449 899 1527 antchac,
922 1466 1085 1513 armorum
1111 1465 1182 1510 mo·

241 1560 365 1625 tionem
389 1571 508 1625 contra
532 1559 726 1639 Bovarium,
749 1572 804 1641 et,
826 1560 850 1627 li
869 1559 939 1625 fieri
954 1573 1089 1641 potest,
1113 1574 1184 1622 non

244 1652 498 1737 translationem*
518 1670 553 1736 in
574 1671 797 1737 haereditarias
819 1673 1078 1738 Austriacorum
1102 1690 1183 1753 pro·

166 1849 171 1858 ,
241 1782 392 1847 vincias:
437 1796 479 1846 ut
501 1782 549 1844 ita
567 1783 703 1846 videant
730 1785 880 1847 Bararus
904 1785 1051 1862 aliique,
1074 1785 1179 1848 federi

243 1889 421 1958 dissueudo
452 1887 689 1969 illaborantes,
723 1889 755 1954 se
779 1905 812 1955 et
835 1905 965 1974 tempus
992 1907 1025 1956 et
1049 1911 1182 1974 operam

241 2004 396 2092 perdere,
419 1999 509 2087 apud
533 2015 599 2068 tam
623 2001 709 2068 fidos
739 2018 774 2068 et
804 2004 989 2071 constantes
1015 2025 1182 2074 armorum

241 2117 522 2204 consiliorumque
544 2116 669 2183 socios.
715 2113 792 2183 Hoc
820 2117 926 2203 ipsum
957 2121 1047 2200 quod
1069 2118 1181 2202 requi·

239 2232 370 2315 rimus,
407 2214 480 2299 non
509 2230 610 2298 modo
642 2232 745 2298 federi
775 2248 829 2298 est
861 2235 1087 2315 conueniens,
1127 2234 1181 2299 sed

236 2344 409 2432 promissis
431 2345 551 2426 etiam,
592 2344 724 2429 prolixe
753 2345 835 2411 adeo
858 2341 958 2411 factis
982 2349 1028 2414 Ι).
1050 2348 1180 2413 Mares·

238 2459 326 2527 callo
346 2455 605 2535 Torstensoni0,
628 2469 662 2520 et
685 2456 784 2527 nobis
805 2457 860 2520 hic
889 2458 1048 2525 uberrime
1071 2463 1178 2530 decla-

236 2572 344 2653 ratis,
368 2569 656 2659 perD.Baronem
668 2567 904 2635 Auaniurium.
950 2544 996 2634 D.
1019 2571 1176 2639 Torsten·

237 2685 378 2763 ionius,
403 2681 517 2748 fretus
538 2682 721 2750 certislimd
743 2681 928 2750 Galliarum
953 2681 1176 2768 discesfione,

235 2818 304 2867 reru
332 2798 430 2882 longe
462 2796 709 2878 difficillimum,
743 2795 963 2865 Caesarianum
993 2786 1175 2869 exercitum

235 2913 274 2979 in
296 2909 375 2994 ipsis
393 2907 535 2976 Caesaris
553 2909 765 2993 provinciis,
783 2912 954 2999 aggressus
978 2926 1050 2990 est,
1084 2926 1176 2977 eum·

237 3040 302 3106 que
336 3041 406 3089 non
440 3021 541 3087 modo
568 3020 817 3108 aperto'Marte
845 3025 955 3104 fudit,
983 3002 1039 3090 vsed
1074 3027 1178 3096 etiam

235 3133 352 3224 insigni
378 3126 435 3202 illa
469 3135 613 3203 victoria
633 3137 737 3218 usus,
761 3137 798 3203 in
831 3137 1026 3220 Austriam,
1060 3145 1174 3222 quoad

234 3249 306 3316 fieri
327 3263 463 3335 potest,
491 3249 800 3337 iam-persequitur.
844 3251 972 3322 Interea
997 3254 1175 3324 Caesariani

234 3361 355 3431 deferrfi
388 3364 569 3448 Danubio,
616 3378 650 3430 et
672 3362 850 3449 {suppetias
884 3368 1006 3434 ferente
1042 3371 1172 3439 Bavaro

234 3477 396 3570 aliisque,
439 3495 546 3542 rerum
588 3477 724 3548 suorum
763 3479 937 3567 satagunt,
975 3488 1170 3573 colligentes

235 3594 435 3674 exercitum,
459 3591 643 3674 maiorem,
678 3615 773 3679 quam
799 3593 888 3678 fuit,
910 3599 977 3680 :qui
999 3600 1033 3666 in
1056 3601 1169 3680 supra·

233 3702 401 3767 nominato
421 3709 541 3784 proelio
560 3710 758 3792 comparuit.
805 3710 908 3797 Quod
929 3713 952 3779 fi
976 3704 1054 3792 ergo
1076 3704 1181 3778 lento'

231 3814 335 3903 gradu
366 3815 467 3922 iverit,¹
497 3817 779 3888 D.-Marescallus
808 3823 847 3887 de
874 3821 1074 3905 Tourenne,
1115 3823 1172 3887 vel

681 3929 715 4002 H
1062 3945 1067 3954 ’
1109 3933 1171 3999 ua·
