2834 4830
368 373 390 423 ι
517 328 858 451 Ηυοοκιε
903 362 1180 461 ononrt

282 610 284 615 Δ
370 527 511 593 nulline
533 532 832 614 circumveniatur,
854 533 930 601 irinc
957 555 974 600 a
1004 533 1159 616 Melone,
1185 532 1257 600 inde
1278 548 1297 597 a

370 639 515 710 liecitiot
531 645 590 710 ¹sed
612 661 645 710 et
664 646 722 732 ipss
738 647 958 732 supplementa
976 648 1170 729 advenient,
1188 664 1218 713 et
1238 647 1299 712 lia·
1330 704 1333 711 ,

371 758 461 838 tavi,
485 774 522 824 ut
540 774 646 841 puto,
671 777 793 843 partem
811 761 1000 828 abstrahent
1018 762 1171 827 hostium.
1218 762 1299 827 Dux

370 867 627 939 vendocinensis
658 873 746 959 apud
773 875 929 961 Reginam
955 875 1130 960 Regentem
1158 874 1299 939 muitum

370 981 500 1050 laborat
524 1003 560 1051 ut
589 989 671 1073 Regi
692 989 821 1073 Angliae
843 986 1074 1069 subveniatur,
1101 1004 1134 1053 et
1158 1002 1242 1070 puto
1267 983 1302 1049 id

370 1089 544 1179 fututum,
569 1101 592 1166 sr
619 1102 689 1166 Rex
713 1102 812 1166 rebus
837 1100 915 1185 ipsis
942 1102 1116 1181 ostendat,
1145 1100 1174 1165 se
1192 1097 1302 1164 sibiet

369 1210 571 1289 propinquis
617 1211 683 1272 suis
717 1213 833 1274 melius
872 1215 953 1276 velle
994 1230 1092 1290 quam
1132 1212 1300 1291 Hispano.

369 1318 638 1393 Abnuit'autem
674 1319 745 1387 Rex
781 1323 834 1386 ilic
870 1322 1052 1405 approbare
1087 1322 1302 1388 indictionem

370 1433 582 1517 pecuniarum
605 1432 723 1501 factam
746 1436 981 1503 aParlamento
1005 1437 1160 1507 adversus
1185 1435 1305 1501 Hiber·

373 1565 456 1626 nos,
484 1528 557 1612 ideo
580 1549 671 1630 quod
695 1550 828 1616 antehac
849 1549 1001 1633 pecuniis
1027 1549 1084 1616 sub
1112 1569 1150 1615 eo
1175 1549 1304 1615 nomine
1340 1618 1343 1625 ,

371 1659 509 1724 indictis
542 1662 588 1730 uss
619 1661 681 1729 srnt
714 1679 831 1731 contra
861 1664 905 1735 se.
969 1665 1140 1732 Dicuntur
1173 1679 1302 1743 autem,

372 1774 470 1860 Regii
495 1776 670 1845 victoriam
700 1778 881 1866 reportasse
910 1779 949 1845 do
975 1778 1017 1844 iis
1042 1778 1100 1867 qui
1129 1775 1305 1862 Bamburgi

371 1888 571 1956 obsidionem
600 1892 757 1958 volebant
793 1908 1021 1977 perrumpere,
1068 1895 1091 1957 ii
1129 1911 1208 1958 vero
1247 1890 1303 1974 qui

370 2002 428 2067 sub
450 2003 589 2069 Esi'exio
613 2003 689 2068 sunt
714 2002 803 2088 apud
830 2003 1035 2086 Readingum
1060 2002 1209 2064 seditiose
1233 2021 1305 2083 age·

369 2135 424 2197 tc,
449 2117 540 2201 quod
575 2118 663 2181 ultra
696 2114 831 2179 mensem
867 2115 1025 2196 stipendia
1056 2110 1135 2194 ipsas
1168 2111 1310 2177 debean*

370 2241 450 2304 tut,
482 2224 558 2288 esse·
575 2238 683 2287 autem
710 2242 768 2288 eos
792 2224 921 2306 equites
952 2238 1001 2288 ter
1028 2223 1138 2302 mille,
1177 2223 1303 2308 pedites

370 2337 548 2402 duodecies
573 2336 672 2401 mille.
718 2335 917 2407 Pontificios
938 2352 1045 2403 autern
1064 2336 1232 2402 Hibernos
1248 2355 1305 2403 au·

294 2453 296 2456 ’
369 2450 477 2517 dimus
505 2468 572 2516 non
597 2450 746 2532 potuisse
772 2449 893 2520 adduci
917 2451 957 2517 ad
981 2450 1183 2534 recipiendas
1208 2450 1305 2515 indu-

370 2566 460 2646 cias,
491 2583 523 2630 et
554 2567 677 2632 multos
709 2565 844 2633 abillis
872 2580 1097 2648 protestantes
1125 2565 1230 2631 caesos
1264 2564 1304 2630 ad

368 2679 638 2746 Blanckehiliam.
696 2675 765 2761 Qui
792 2677 870 2742 belii
898 2698 1005 2743 rerum
1030 2680 1128 2759 periti
1154 2679 1229 2742 sunt
1248 2681 1307 2760 ju·.

370 2787 482 2881 dicant
510 2788 682 2870 Hispanos
711 2788 868 2874 quisunt
892 2789 926 2858 in
944 2789 1075 2874 Belgica
1102 2791 1211 2877 multa
1229 2808 1306 2872 pec·

368 2901 476 2969 casse:
503 2904 667 2987 primum,
696 2905 787 2984 quod
814 2885 880 2973 hoe
906 2920 1051 2995 tempore
1077 2901 1138 2985 ipsa
1168 2903 1306 2971 hostilia
1376 2940 1380 2951 ·

304 3021 309 3031 '
368 3017 555 3098 captatint,
594 3016 729 3096 deinde,
770 3016 860 3100 quod
892 3017 1071 3100 pugnarint
1108 3018 1320 3099 priusquam

368 3129 512 3197 Beckius
543 3133 657 3216 copias
687 3131 761 3196 suas
797 3129 927 3195 Meloni
955 3128 1152 3195 addidisset:
1206 3143 1326 3211 post-p

366 3264 511 3322 remum,
540 3245 653 3325 quod,
674 3242 696 3310 sr
716 3263 861 3327 pugnare
880 3245 1025 3321 veilent,
1051 3259 1118 3305 non
1136 3260 1303 3324 pugnave-

368 3355 435 3419 rint
467 3356 670 3420 antecedenti
693 3375 827 3437 vespere
852 3377 926 3423 cum
951 3352 1024 3418 fessi
1050 3354 1156 3449 essent
1183 3355 1222 3420 ab
1248 3355 1304 3417 iti·

366 3486 440 3534 nere
467 3469 570 3536 Galli.
618 3469 680 3535 Sed
712 3470 884 3536 maximum
916 3469 1062 3535 omniurn
1091 3468 1157 3533 suit
1187 3483 1303 3547 pecca·

367 3595 459 3664 tum,
494 3584 585 3667 quod
613 3583 753 3667 regimen
778 3582 948 3664 equitatus
974 3580 1100 3646 auferre
1133 3581 1304 3647 voluerint

367 3694 547 3780 suquoro,
575 3717 677 3779 eaque
702 3716 735 3760 re
761 3713 792 3762 et
819 3697 923 3778 ipsum
954 3712 986 3761 et
1015 3712 1171 3762 amantem
1200 3696 1301 3782 ipsius

365 3813 548 3895 equitatum
564 3811 777 3879 offenderint:
795 3811 1207 3891 Saitanusi'urca‚alteta
1224 3824 1304 3890 pro·

1277 3922 1308 3985 ie
