2834 4830
231 336 297 392 120
338 308 1080 387 loriamlitsoxrlusTlllllNAE

233 488 337 555 clusio
364 488 399 552 in
425 486 599 572 pinxistis.
667 489 774 556 Velim
793 489 910 570 .scire,
940 505 980 553 an
1007 488 1041 555 in
1063 489 1167 557 aulana

198 612 205 619 '
233 602 355 686 regiani
377 605 501 670 venerit
524 605 569 670 D.
589 603 673 669 Doro
699 605 877 684 Pon-turia,
901 616 933 673 et
959 574 1039 684 quid
1062 599 1101 664 de
1124 602 1168 666 le·
1291 655 1296 667 .

236 717 368 801 gatione
394 717 572 805 inaSuedia
596 716 801 800 expediunnt
827 718 873 783 ibi
899 716 1084 784 statuturos
1105 712 1168 779 srtl

239 829 326 895 Sunt
352 833 410 916 qui
432 832 623 899 existimant
650 830 695 896 D.
718 830 963 913 Thuilierium,
986 828 1171 912 composito

235 942 322 1008 bello
348 945 432 1011 inter
454 965 517 1012 nos
540 961 573 1011 et
597 945 738 1026 Danae,
771 944 920 1012 destinari
945 940 1171 1011 extraordina·
1218 942 1222 948 ’

150 1066 152 1071 ·
235 1056 293 1122 riae
322 1059 479 1144 legationi
505 1059 546 1126 ad
575 1059 708 1144 Regiam
720 1058 966 1140 Maiestatem,
1002 1052 1172 1125 uteidem

185 1200 188 1207 ·
237 1171 320 1236 novi
338 1174 513 1258 regiminio
529 1173 721 1241 felicitatem
749 1175 946 1265 gratuletur.
975 1168 1094 1257 Quod
1116 1187 1172 1235 nu·

235 1296 330 1349 tomo
357 1285 427 1351 fieri
450 1286 568 1370 posse,
591 1287 728 1369 foreque
749 1280 840 1357 dieto
859 1287 906 1355 D.
918 1285 1085 1353 Tuillerio
1105 1299 1175 1379 non
1260 1354 1263 1359 .

235 1394 402 1479 ingratum
431 1399 586 1468 officium.
630 1403 677 1469 D.
698 1401 848 1489 Gratiae
866 1399 973 1467 adhue
997 1399 1034 1464 in
1049 1393 1176 1485 suedia

235 1520 311 1604 eet,
336 1523 368 1575 et
399 1512 523 1578 dicitur
548 1514 715 1579 rediturus
750 1515 785 1579 in
814 1513 957 1598 priorem
982 1510 1174 1585 stationem,

239 1619 264 1687 ir
287 1620 440 1688 Portnris
465 1623 564 1691 iverit
588 1626 624 1692 in
643 1625 794 1695 Suedium
817 1627 947 1711 legatur
970 1617 1174 1688 ordinarius.

165 1726 169 1734 ‘
241 1730 414 1812 Quicquid
438 1736 497 1812 fit,
528 1738 624 1798 habet
656 1739 757 1800 Dom.
779 1735 900 1798 Vestra
930 1734 1042 1798 iocum
1080 1748 1177 1795 occa·

240 1841 348 1908 saonae
371 1854 403 1906 et
426 1824 560 1909 caussas
576 1841 759 1936 demerendi
779 1840 837 1909 sabi
858 1841 970 1928 Regiae
987 1841 1176 1911 Maiestatis

238 1956 618 2039 perpetuum-favorem.
685 1955 851 2038 Imprimis
879 1975 897 2022 e
923 1953 1106 2037 tefuerit,
1137 1967 1188 2022 ut.

239 2069 365 2136 crebris
388 2070 516 2153 literis,
544 2070 735 2154 etquidem
760 2091 834 2140 eum
863 2069 1019 2139 omnibns
1045 2069 1176 2136 ordina·
1227 2068 1229 2076 '

242 2184 302 2251 riis
326 2185 459 2270 postis,
483 2202 545 2250 noe
572 2183 610 2250 de
636 2183 719 2250 statu
744 2201 851 2249 rerum
877 2182 912 2249 in
937 2183 1047 2253 Gallia
1072 2182 1176 2255 infor.

142 2317 147 2327 ·
243 2312 321 2361 met.
368 2299 418 2359 Ea
441 2296 609 2376 diligentia
635 2313 653 2358 a
678 2293 776 2355 nobis
802 2295 910 2375 magni
937 2293 993 2359 fiet
1023 2308 1055 2356 et
1084 2295 1175 2357 dell.
1298 2310 1302 2331 2

191 2474 194 2481 ,
244 2423 277 2477 te
303 2403 599 2472 commendabitur.
643 2405 797 2489 Expecto
825 2403 925 2473 hodie
955 2406 1008 2470 vel
1033 2407 1177 2480 crastina

244 2522 296 2589 dio
320 2540 424 2586 meum
452 2517 583 2584 fratrem
607 2537 623 2583 e
649 2517 777 2602 Belgio.
846 2518 979 2606 Quibus
1003 2519 1049 2587 D.
1073 2520 1174 2593 Vesta

243 2636 359 2709 divino
384 2635 492 2700 favori
522 2633 692 2716 diligenter
720 2633 926 2697 commendo.

285 2752 430 2821 Osnnbr.
458 2766 511 2814 vn
531 2749 621 2845 Aug.
644 2757 869 2827 clttlocxlv.
930 2808 932 2813 .

631 2876 639 2893 ·
809 2859 889 2934 ior-1.
916 2857 1176 2939 Onrusarnnu.

680 3067 760 3155 ve.

370 3340 376 3371 ³
416 3315 660 3388 Noatnrsourn
683 3315 858 3384 Donatum!
1064 3358 1069 3367 .

242 3458 444 3615 :Nihil
462 3502 658 3613 intentatum
695 3542 899 3626 reliquerunt
929 3537 1110 3608 Cesareani
1145 3552 1179 3611 ot

246 3655 304 3743 qai
327 3671 440 3729 eorum
462 3654 614 3747 partibus
639 3657 694 3724 hic
718 3656 903 3733 adhaerent,
927 3669 1001 3736 quo:
1024 3650 1181 3720 retardati

244 3766 349 3857 posit
379 3765 636 3851 communicatio
665 3789 739 3844 curn
767 3766 1178 3851 omnihueintneniiRo·

261 3897 263 3903 ·
1109 3897 1175 3949 aaa·
