2834 4830
399 352 688 422 EPISTOLAE
730 353 985 420 INEDITAE.
1111 364 1152 424 61

166 575 169 582 .
231 521 431 591 Borbonias.
479 522 602 587 Missus
635 537 686 587 est
715 543 733 586 a
758 522 883 606 Regina
902 521 1070 607 Regente,
1098 528 1158 607 qui

231 641 261 703 ti
286 652 459 714 occurrat,
496 637 635 716 primum
660 636 864 716 Souvraeus,
896 635 1010 701 deinde
1036 639 1157 713 Comes

232 751 446 817 Harcurtius.
512 749 548 811 Si
576 750 642 812 buc
676 749 808 829 veniat,
839 751 944 814 arceri
965 752 1006 815 ab
1031 751 1159 815 arcanis

233 882 305 928 cum
326 865 447 945 Regina
464 862 609 944 Regente
624 864 807 946 colloquiis
824 882 890 927 non
906 863 1042 944 poterit.
1080 862 1160 927 Om-

232 976 285 1040 uia
309 979 507 1055 conabitur,
537 994 574 1038 ut
599 975 632 1043 iu
656 975 851 1057 Germania,
881 975 912 1042 fi.
927 995 991 1057 pax
1012 975 1160 1047 noudum

233 1104 366 1170 potest,
397 1089 538 1153 induciae
562 1088 662 1167 fiant,
694 1103 726 1151 et
751 1107 813 1169 ope
834 1089 981 1169 Regum,
1008 1086 1049 1150 ad
1072 1106 1160 1167 quos

231 1204 413 1281 exemplum
437 1202 500 1263 hoc
523 1199 666 1278 spectare
689 1200 845 1275 videtur,
876 1217 931 1259 rex
960 1198 1097 1262 maritus
1127 1198 1163 1263 iu

231 1313 286 1377 ius
315 1311 409 1375 suum
435 1312 655 1389 restituatur,
691 1311 788 1375 cuius
822 1327 911 1373 nuuc
947 1309 1018 1390 spes
1046 1328 1161 1375 omnes

232 1424 352 1506 partim
386 1421 579 1502 Hibernos,
623 1424 740 1504 partim
775 1437 930 1486 externos
966 1421 1161 1505 respiciunt.

231 1536 279 1602 Et
305 1549 391 1602 certe
421 1550 571 1601 metuunt
592 1537 710 1617 multi,
740 1556 779 1601 ue
811 1555 888 1602 aura
910 1536 977 1601 ista
1000 1537 1163 1601 libertatis

235 1663 326 1713 trans
350 1665 435 1712 mare
458 1650 528 1715 huc.
547 1652 729 1732 perveniat.
775 1650 867 1714 Deus
890 1652 960 1714 baec
981 1650 1163 1732 gubernet,

233 1762 406 1843 idemque,
428 1762 647 1830 Illustrissrmi
663 1780 696 1828 et
713 1761 988 1830 Excellentisfimi
1002 1762 1162 1840 Domini,

237 1872 455 1933 Excellentiis
467 1875 600 1933 Vestris
617 1875 671 1929 det
686 1874 795 1930 omnia
807 1888 978 1950 prospera.
1023 1873 1167 1936 Lutetiae

240 1971 310 2125 ἐξ
321 2009 469 2094 Augusti
490 2014 728 2076 ctotacxtrv.

468 2139 683 2208 Excellentiis
706 2139 839 2204 Vestris
859 2141 1011 2206 inservire
1034 2160 1128 2225 para·

467 2252 608 2317 tisfimus
634 2251 957 2335 obligatislimusque

828 2364 877 2435 H·
898 2365 1124 2434 Gnorrnt.

284 2568 335 2633 De
363 2584 441 2648 pace
467 2562 576 2646 agitur
611 2562 697 2627 inter
722 2563 845 2648 Regem
878 2567 1006 2650 Angliae
1033 2582 1065 2630 et
1092 2569 1169 2632 Par·

244 2683 418 2746 lamentum
446 2697 502 2759 per
526 2677 666 2742 batavos
691 2677 795 2763 magia
827 2696 922 2759 quam
953 2699 1011 2764 per
1036 2679 1168 2746 Gallos.

242 2794 280 2859 In
307 2794 455 2858 America
473 2788 592 2872 Angli,
617 2788 719 2854 secuti
737 2793 918 2875 exemplum
938 2792 1098 2876 originis,
1121 2793 1171 2856 di·

243 2905 304 2968 visi
320 2908 352 2967 in
372 2903 479 2984 regios
503 2915 536 2962 et
556 2901 848 2992 Parlamentarios,
871 2924 987 2986 magna
1007 2904 1097 2966 clade
1122 2905 1172 2969 af·

246 3014 326 3080 fecti
353 3014 427 3078 lunt
453 3015 492 3077 ab
516 3014 731 3081 Americanis.

288 3129 369 3192 Vidi
403 3147 477 3192 cutn
514 3128 631 3211 gaudio
663 3144 695 3192 et
729 3128 963 3210 admiratione,
992 3129 1047 3197 Ill.
1067 3133 1167 3197 Dum.

245 3243 403 3310 Baronem
430 3241 700 3306 Oxenstierniuut.
748 3241 826 3305 Nou
851 3241 954 3308 dicam
972 3242 1009 3306 de
1034 3245 1106 3308 eius
1122 3247 1173 3309 iu·

247 3358 363 3439 genio,
396 3355 521 3419 iudicio
546 3354 643 3436 supra
668 3367 791 3417 aetatem
819 3371 852 3418 et
874 3354 1005 3421 summis
1034 3357 1169 3423 virtuti-

247 3468 335 3547 bus,
358 3487 431 3547 quae
454 3467 517 3531 dici
535 3470 675 3550 debent;
701 3467 753 3530 sed
775 3467 895 3532 tacitus
919 3469 1004 3536 iutra
1020 3490 1069 3537 me
1091 3471 1172 3536 aesti·

249 3582 421 3646 mationem
447 3582 529 3644 hauc
554 3583 694 3646 reservo.

294 3691 410 3754 Arcem
441 3695 634 3774 Sattiranae,
671 3715 736 3763 rem
763 3714 830 3761 non
858 3701 964 3783 magni
991 3697 1169 3779 momenti,

254 3814 382 3883 captam
397 3819 464 3870 nou
480 3809 576 3895 longe
592 3811 761 3895 abremo,
784 3811 898 3893 Gelli,
912 3825 950 3874 ιιι
967 3808 1025 3877 sua
1039 3811 1171 3895 solent,

1111 3941 1175 4011 pra
