2834 4830
348 316 641 389 EPISTOLAE
685 317 950 387 INEDITAE.
1070 321 1116 403 69

597 517 700 582 XVI.

172 714 217 784 n.
262 714 505 783 tounuut
559 713 980 782 OXENSTIERNAE
1044 724 1103 777 n

213 826 261 894 D.
290 828 537 895 IOHANNI
566 828 795 894 Auuuuo
834 823 1105 927 suuvlo,rfl

367 968 504 1054 Reginae
528 968 656 1035 Suediae
677 983 744 1034 etc.
769 968 899 1054 legatis.

334 1194 616 1261 quusrnrssturt
640 1215 690 1260 er
712 1194 1062 1268 Exceuueurrssutr

415 1307 577 1372 Dorutut!

205 1451 387 1618 Regna
413 1532 544 1620 Regeus
572 1535 720 1602 Mottam
749 1534 1007 1614 Odincurtiuut‚
1037 1529 1099 1612 qut

162 1645 345 1726 proGaliia
359 1647 581 1727 Catalauiam,
597 1665 630 1713 et
648 1651 706 1732 qui
728 1650 777 1713 ibi
797 1663 890 1714 erant
905 1645 1096 1719 exercitus,

161 1757 270 1835 rexit,
293 1759 406 1837 iussit,
431 1779 507 1825 cum
527 1760 568 1826 ad
587 1764 693 1828 aulam
706 1762 833 1829 accitus
855 1760 1004 1836 veniret,
1020 1751 1097 1836 capi

163 1865 199 1927 in
217 1866 488 1945 urueLuguum,
503 1881 536 1926 et
556 1869 590 1927 in
611 1887 735 1944 arcem,
747 1888 820 1948 quae
831 1872 878 1929 ibi
896 1883 947 1927 est
960 1909 972 1942 ‚
984 1867 1097 1927 detru-

131 1989 136 1999 ‘
163 1975 210 2041 di.
257 1976 354 2041 Fama
365 1990 437 2056 est,
452 1995 526 2041 eum
544 1979 607 2042 huc
626 1978 727 2057 duci,
751 1979 817 2045 srve
840 1992 877 2044 ut
896 1974 1097 2064 suppliciunt

160 2090 244 2157 ferat
277 2092 407 2172 culpae,
438 2089 461 2155 st
494 2111 530 2155 ea
565 2091 644 2154 bene
673 2107 841 2173 comperta
873 2106 945 2166 est,
969 2086 1034 2150 ssve
1056 2099 1096 2149 ut

158 2206 259 2287 longa
275 2204 468 2283 captivitate
483 2202 568 2266 sedet
583 2205 709 2267 animos
728 2204 984 2280 catulinum,
1000 2197 1097 2264 valde

157 2315 193 2380 in
217 2316 323 2397 ipsum
349 2314 516 2380 accensos.
563 2315 640 2380 Hoc
662 2318 812 2398 exemplo
834 2315 973 2380 territus
998 2313 1092 2377 Mat·
1161 2342 1167 2351 ·

157 2430 233 2494 chio
259 2431 528 2505 Chaumoutius‚
562 2442 600 2491 ut
626 2430 749 2507 credo,
775 2431 841 2494 huc
866 2448 934 2495 non
963 2427 1086 2493 veniet.

156 2541 224 2608 Est
244 2544 330 2604 euim
348 2545 420 2606 eius
439 2539 535 2605 causa
556 2540 650 2623 peior
674 2540 730 2603 illa
752 2540 956 2604 Odincurtii.
1001 2540 1090 2606 Nam

157 2673 232 2719 cum
266 2654 414 2720 mandute
447 2654 578 2719 haberet
608 2652 828 2735 impediendi,
863 2672 902 2717 ne
924 2651 1089 2732 Pamphy·

155 2767 223 2831 lius
252 2765 344 2832 fieret
370 2768 481 2850 Papa,
506 2785 573 2832 nou
599 2765 700 2832 modu
722 2765 878 2846 pecunias
907 2763 998 2829 inid
1027 2760 1088 2828 uui

155 2877 269 2946 missas
295 2879 353 2943 fibi
379 2880 537 2957 retinuit,
571 2876 623 2939 sed
655 2892 688 2941 et
717 2877 796 2942 alirn
829 2891 881 2941 ert
908 2875 1085 2956 stipulatur

49 2990 51 2994 ”
154 3007 311 3074 magnas,
334 2990 479 3055 utillum
496 2989 700 3073 Paptmtieti
719 2988 847 3055 sineret.
892 2984 1006 3065 Galli,
1025 2983 1086 3066 qui

154 3102 194 3168 ad
223 3101 390 3183 superiora
414 3103 489 3168 sunt
515 3103 644 3183 Rheni,
679 3098 864 3167 Crucenaci
890 3114 994 3162 urcem
1022 3116 1083 3164 cu·
1147 3083 1153 3096 ’

154 3217 275 3280 niculis
298 3231 331 3280 et
355 3218 490 3296 puluere
516 3218 636 3280 bellico
668 3215 714 3280 itt
739 3213 924 3293 impetunt,
954 3224 992 3276 ut
1018 3212 1083 3279 itm

154 3327 286 3406 dicant,
303 3330 354 3410 agi
376 3328 416 3393 de
437 3329 618 3393 deditionis
641 3326 917 3406 conditionibus,
940 3323 1081 3406 deiude,

153 3441 184 3507 se
200 3444 310 3506 ituros
329 3459 449 3506 contra
464 3442 741 3508 Francothaliaur.
773 3441 972 3505 Bavarutum
987 3437 1082 3522 equi·

154 3567 245 3618 tutus
268 3556 303 3619 in
328 3556 511 3623 Franconia
532 3569 606 3636 est,
637 3555 803 3638 peditatus
835 3556 866 3620 in
892 3552 978 3618 lucit
1004 3547 1079 3615 inde

155 3683 221 3728 non
251 3669 367 3748 longe,
392 3690 466 3751 quae
490 3689 540 3735 tes
570 3669 756 3736 illectorem
780 3659 1079 3750 Magontiacenseut

152 3781 289 3867 coigit,
312 3781 429 3848 onufr
450 3784 677 3867 disputatione
699 3781 738 3846 de
755 3772 1005 3845 conditionibus
1029 3775 1080 3838 in·

590 3892 663 3976 Eg
1037 3895 1085 3951 m
