2834 4830
232 366 275 442 63
368 375 708 449 HUGONIS
753 377 1030 451 GROTII

237 545 272 611 in
295 545 449 631 Lupara3
479 548 556 629 plus
581 550 743 616 libertatis
763 571 824 634 pro
844 552 886 618 iis
906 551 1077 632 impetrare
1094 560 1165 614 non

237 661 374 745 potuit,
407 660 611 728 obstantibus
641 664 774 729 Edictis
806 665 927 750 semper
960 663 1163 740 observatis,

238 790 278 838 ne
301 775 334 838 in
361 778 420 841 hac
446 777 524 841 urbe
549 790 605 841 aut
629 778 703 842 aula
727 777 828 862 Regis
854 780 915 843 alia
940 777 1054 861 religio
1074 762 1175 840 exer·'

239 893 389 968 emetur,
414 909 509 972 quarn
532 909 568 955 ea
592 911 666 974 quae
688 895 857 974 praevalet.
902 885 1164 956 Parlamentariis

239 1016 290 1063 res
314 997 391 1064 satis
419 1002 601 1070 succedunt
630 1005 791 1090 feliciter3
839 1025 910 1073 nam
934 1019 966 1068 et
990 1003 1167 1068 Thimmu·

236 1112 329 1178 thum
354 1132 465 1196 cepere
499 1133 531 1180 et
555 1101 797 1205 Leverpolam‚
826 1133 858 1184 et
889 1118 1039 1201 sperant,
1073 1111 1167 1179 brevi

236 1224 268 1290 se
290 1227 461 1289 habituros
486 1230 648 1309 oppidum
671 1231 851 1308 Carsrlam,
874 1212 977 1295 arcem
999 1225 1163 1303 Basrnam,

237 1351 269 1399 et
298 1335 502 1418 Bellunum,
527 1339 562 1402 in
587 1338 685 1405 cuius
713 1344 797 1408 valle
820 1345 958 1427 vulgant
985 1360 1002 1405 a
1028 1339 1058 1403 se
1084 1356 1165 1404 con-

238 1447 326 1513 cisos
354 1452 532 1536 Regiorum
558 1454 685 1532 equites
719 1454 908 1529 sexcentos,
943 1453 1069 1531 pedites
1100 1467 1167 1513 tre-

238 1581 369 1629 centos.
422 1565 494 1630 Rex
518 1565 681 1629 Oxoniam
707 1564 863 1630 redierat:
899 1565 1068 1649 copiarum
1092 1562 1165 1627 eius

237 1695 314 1757 pars
339 1678 477 1740 maxima
506 1694 573 1739 erat
607 1677 694 1758 apud
729 1670 972 1742 Wolstolrum.'
1016 1676 1167 1740 Multum
1276 1766 1280 1777 Ι

237 1787 419 1870 praedieant
446 1788 547 1870 Regis
568 1805 600 1853 et
623 1790 788 1870 Principis
815 1790 956 1854 Roberti
972 1787 1076 1853 fortes
1095 1787 1166 1851 ani·

235 1919 309 1966 anos
331 1897 390 1983 ipsi
411 1898 596 1965 adversarii.
630 1897 786 1966 Creditur
806 1902 959 1983 proelium
978 1900 1164 1979 imminere,

236 2012 262 2080 s1
295 2017 368 2079 Rex
393 2014 515 2079 servare
544 2014 635 2077 volet
662 2033 766 2080 arcem
792 2014 1064 2098 Duningtonam,
1090 2033 1164 2095 quae

238 2141 270 2194 et
296 2126 365 2209 ipsa
390 2127 554 2192 obsidetur
573 2146 591 2191 a
611 2126 883 2193 Parlamentarils.
930 2127 1043 2193 Motta
1061 2127 1166 2192 Odin·

237 2243 367 2303 eurtius
403 2243 466 2301 huc
502 2252 713 2300 revocatur..
755 2239 914 2302 Scribunt
945 2257 1060 2302 contra
1090 2259 1163 2307 eum

238 2349 402 2417 Catalani.
449 2348 638 2413 Merciacus
667 2348 755 2430 apud
781 2350 1058 2436 Ladenburgum,
1083 2353 1165 2419 Hei-

239 2464 444 2549 delberganr,
468 2478 499 2528 et
528 2463 755 2530 Weinhemum
781 2465 950 2530 maximam
981 2467 1077 2530 habet
1104 2486 1163 2533 co·

237 2579 364 2664 piarum
396 2594 541 2661 partem:
594 2596 669 2660 pars
711 2575 941 2664 Letharingici
976 2580 1091 2646 militis
1128 2581 1163 2647 in

236 2691 388 2758 Flandria
413 2709 480 2754 non
512 2690 609 2773 longe
635 2708 652 2752 a
680 2689 854 2753 Gandavo.
907 2693 1081 2774 Spargitur
1108 2695 1163 2759 liic

235 2821 372 2882 rumor,
393 2803 430 2862 de
457 2822 523 2881 quo
544 2803 625 2867 nihil
644 2802 813 2881 affirmem,
838 2803 943 2886 parari
966 2806 1096 2869 classem
1126 2807 1162 2872 in

235 3026 423 3094 Melitenses
444 3045 588 3110 magnam
614 3029 751 3107 praedam
774 3027 898 3110 fecere,
917 3045 1012 3114 capa
1040 3032 1162 3099 Galeo-

234 3159 276 3206 ne
301 3140 454 3205 Turcica.
508 3138 546 3202 In
571 3138 663 3204 Italia
690 3141 830 3226 Hispani
858 3143 1042 3210 etiamnunc
1070 3144 1160 3224 apud
1220 3200 1224 3207 .

149 3244 153 3249 ’
235 3253 468 3320 Alexandriam
493 3251 589 3333 sunt,
612 3266 649 3319 ut
672 3253 847 3338 Gallorum
876 3269 1017 3321 conatus
1048 3255 1159 3327 obser.

234 3380 327 3431 vent.
