2834 4830
207 311 283 407 'aa
386 340 1044 429 nffluuoursouorrr

246 525 325 590 quas
353 509 387 577 in
421 509 493 575 solo
525 510 643 578 hostili
669 499 921 577 'sraasrher'tano
950 530 1016 577 non
1046 512 1075 580 se
1103 512 1176 578 soa·

245 635 369 686 tentare
398 637 524 688 tanturn
556 623 608 689 sed
637 640 669 688 et
699 624 873 706 processus
905 643 1039 718 magnae
1066 625 1175 691 facere

242 734 362 816 possit.
409 737 578 819 optabant
588 738 757 820 Principes
777 754 814 805 ut
832 754 865 804 et
880 739 1174 825 Coningatuarclti-

244 866 283 912 ua
325 864 356 912 et
387 851 515 917 Hasstci
542 850 670 936 possint
696 853 808 948 uenire
842 852 875 918 in
907 852 979 919 loca
1014 853 1061 918 ita
1093 870 1174 937 pro·

241 961 387 1046 pinque,
413 981 473 1045 ut,
496 965 518 1030 sr
548 985 599 1031 res
627 966 748 1049 ferret,
772 968 827 1034 alii
856 965 930 1032 aliis
954 965 1081 1033 auxilio
1106 963 1175 1029 csse

241 1075 383 1156 possint.
435 1065 516 1145 Dixi
542 1097 590 1144 me
616 1098 786 1146 memorem
812 1080 978 1145 futurum.
1037 1075 1174 1143 Videbi-

208 1221 212 1229 ·
241 1206 313 1252 mos
336 1190 398 1254 iarn
424 1190 657 1272 quis-futurus
676 1190 715 1254 stt
738 1206 790 1254 tot
816 1193 981 1254 bonorum
1005 1189 1172 1255 dictorum

153 1336 155 1341 -
239 1314 392 1367 eventus.
457 1296 537 1367 Vidi
565 1302 741 1384 epistolam
769 1300 876 1367 Ducis
902 1301 1023 1367 navari
1046 1302 1174 1368 adlla-

239 1412 302 1479 niae
328 1414 471 1500 Regem,
488 1417 520 1493 in
546 1435 610 1498 qua
625 1415 655 1479 ei
673 1413 860 1497 persuadere
877 1415 1019 1495 nititur,
1041 1432 1093 1480 rea
1111 1413 1173 1480 Pa·

238 1529 359 1593 latinas
391 1547 456 1592 non
488 1530 523 1594 in
559 1542 727 1595 conuentu
758 1526 931 1594 universali
964 1526 1173 1606 tractandas,

243 1641 295 1706 sed
312 1644 465 1707 Viennae:
498 1642 531 1707 id
546 1645 683 1709 enimet
706 1646 814 1729 legato
831 1643 982 1709 Romano
998 1639 1172 1727 placuisse.

240 1754 288 1821 Et
319 1756 398 1836 qnia
430 1757 561 1822 videbat
595 1758 696 1823 obiici
728 1755 786 1822 stbi
816 1746 912 1838 posse
941 1757 1008 1823 tuti
1042 1755 1171 1822 itineris

240 1850 419 1952 diplomata
452 1885 513 1951 pro
548 1871 704 1935 Palatinis
742 1870 876 1952 Legatia
915 1883 1010 1934 tanto
1046 1871 1174 1954 Regum

240 1982 352 2046 labore
376 1983 530 2061 obtenta,
561 1982 680 2047 festive
703 1981 890 2062 respondit,
923 1999 990 2046 non
1016 1980 1113 2064 posse
1137 1979 1171 2044 id

238 2094 299 2162 sibi
325 2094 467 2175 obstare,
488 2115 562 2161 cunr
580 2095 612 2158 in
638 2082 880 2175 diplomatibus
894 2082 1081 2176 expressum
1100 2107 1172 2155 non

238 2207 341 2284 esset,
359 2225 395 2270 ea
413 2207 503 2285 dari,
530 2219 567 2269 nt
586 2205 770 2269 Palatinum
786 2204 954 2287 negotium
971 2203 1171 2270 Monasterii

237 2331 295 2383 aut
314 2309 518 2402 Osuabrugae
535 2330 715 2398 tractetur,
740 2318 835 2399 plane
854 2312 943 2398 quast
963 2316 1053 2381 illius
1073 2315 1170 2382 Ptin·

236 2431 324 2511 cipis
349 2433 447 2517 legati
476 2449 517 2497 eo
549 2427 679 2498 venturi
708 2428 814 2494 essent
839 2442 967 2524 tantum
997 2442 1035 2495 ut
1059 2430 1170 2495 alienae

236 2543 355 2611 fabulae
383 2545 596 2629 spectatores.
651 2543 739 2609 illud
764 2561 899 2625 quoque
925 2560 993 2608 non
1018 2542 1171 2607 omitten-

236 2658 315 2723 dum
340 2658 471 2735 censui,
495 2658 622 2721 Ducem
648 2656 910 2720 Aurelianensem
931 2671 964 2722 et
985 2654 1172 2739 Principem

227 2767 426 2861 ¹Condacum¹
442 2769 579 2835 scribere
598 2770 660 2835 iam
676 2768 825 2852 Principi
840 2768 990 2835 Palatino
1013 2780 1050 2834 ut
1074 2769 1171 2834 Elec·

235 2885 317 2951 tori.
385 2881 482 2950 Dixit
520 2883 599 2949 mihi
638 2883 793 2968 princeps
830 2881 999 2951 Condaeus
1029 2880 1170 2948 Galliam

237 2996 319 3063 serio
342 2996 585 3077 laboraturum,
609 3012 646 3063 ut
671 3011 703 3061 et
720 2997 821 3082 Regis
840 2997 971 3080 Angliae
997 2995 1169 3078 imperium
1263 3058 1272 3065 .

235 3109 426 3176 restituatur
456 3123 488 3174 et
524 3090 572 3175 ut
595 3111 792 3196 praevaleant
831 3109 999 3177 Puritanis
1030 3111 1167 3174 Protes-

233 3240 341 3289 tantes
361 3222 608 3288 moderatiores.
652 3223 802 3290 Adiunxi
821 3244 906 3309 ego,
924 3222 1032 3288 omnia
1047 3219 1170 3288 facien·

234 3339 274 3402 da
299 3338 353 3402 hic
381 3354 441 3420 pro
462 3334 551 3421 Rege
566 3338 714 3424 ciogliae,
739 3339 809 3406 stis
833 3337 927 3421 prius
948 3335 1082 3422 Reginae
1102 3335 1168 3401 Re·

234 3451 323 3536 genti
337 3447 429 3515 fidem
447 3449 534 3516 snam
558 3449 756 3540 obstringat,
777 3451 828 3533 se,
847 3449 927 3531 nist,
945 3448 978 3515 in
993 3448 1168 3528 colloquio

180 3636 185 3643 ,
233 3565 296 3631 iant
316 3563 432 3629 futuro
458 3564 657 3631 Monasterii
681 3581 713 3632 et
739 3565 965 3648 Osnabrugae,
992 3559 1166 3626 restitutio

231 3677 386 3746 Palatinae
410 3678 527 3743 doinus
555 3679 717 3746 inlocum
741 3679 996 3764 dignitatemque
1025 3688 1168 3741 veterem

234 3792 375 3860 obtineri
396 3789 523 3878 possit,
546 3811 631 3859 arma
661 3811 736 3862 cum
763 3792 883 3902 Suedio
910 3789 1084 3876 Galliaque
1113 3786 1167 3849 so·

243 3906 251 3923 ²
414 3908 416 3914 '
1102 3896 1170 3963 cia·
