<?xml version="1.0" encoding="UTF-8"?>
<!DOCTYPE html PUBLIC "-//W3C//DTD XHTML 1.0 Transitional//EN"
    "http://www.w3.org/TR/xhtml1/DTD/xhtml1-transitional.dtd">
<html xmlns="http://www.w3.org/1999/xhtml" xml:lang="en" lang="en">
 <head>
  <title>
</title>
<meta http-equiv="Content-Type" content="text/html;charset=utf-8" />
  <meta name='ocr-system' content='tesseract 3.04.00' />
  <meta name='ocr-capabilities' content='ocr_page ocr_carea ocr_par ocr_line ocrx_word'/>
</head>
<body>
  <div class='ocr_page' id='page_1' title='image "./hugonisgrotiiad00oxengoog_0082.png"; bbox 0 0 2834 4830; ppageno 0'>
   <div class='ocr_carea' id='block_1_1' title="bbox 413 330 1172 425">
    <p class='ocr_par' dir='ltr' id='par_1_1' title="bbox 413 330 1172 425">
     <span class='ocr_line' id='line_1_1' title="bbox 413 330 1172 425; baseline 0.005 -25"><span class='ocrx_word' id='word_1_1' title='bbox 413 331 705 400; x_wconf 81' lang='lat' dir='ltr'>EPISTOLAE</span> <span class='ocrx_word' id='word_1_2' title='bbox 749 330 1018 402; x_wconf 73' lang='lat' dir='ltr'>tnnntnn.</span> <span class='ocrx_word' id='word_1_3' title='bbox 1128 341 1172 425; x_wconf 69' lang='lat' dir='ltr'>t,</span> 
     </span>
    </p>
   </div>
   <div class='ocr_carea' id='block_1_2' title="bbox 138 496 1169 1718">
    <p class='ocr_par' dir='ltr' id='par_1_2' title="bbox 138 496 1169 1718">
     <span class='ocr_line' id='line_1_2' title="bbox 252 496 1168 591; baseline -0.005 -18"><span class='ocrx_word' id='word_1_4' title='bbox 252 506 408 591; x_wconf 83' lang='lat' dir='ltr'>seriptum</span> <span class='ocrx_word' id='word_1_5' title='bbox 432 519 464 568; x_wconf 87' lang='lat' dir='ltr'>et</span> <span class='ocrx_word' id='word_1_6' title='bbox 490 497 645 586; x_wconf 82' lang='lat' dir='ltr'>vulgandi</span> <span class='ocrx_word' id='word_1_7' title='bbox 673 496 855 564; x_wconf 84' lang='lat' dir='ltr'>confilium.</span> <span class='ocrx_word' id='word_1_8' title='bbox 908 504 984 586; x_wconf 79' lang='lat' dir='ltr'>Ego</span> <span class='ocrx_word' id='word_1_9' title='bbox 1018 502 1168 590; x_wconf 82' lang='lat' dir='ltr'>quidem,</span> 
     </span>
     <span class='ocr_line' id='line_1_3' title="bbox 251 614 1168 705; baseline -0.003 -19"><span class='ocrx_word' id='word_1_10' title='bbox 251 621 327 705; x_wconf 87' lang='lat' dir='ltr'>quia</span> <span class='ocrx_word' id='word_1_11' title='bbox 354 622 554 685; x_wconf 86' lang='lat' dir='ltr'>vehementer</span> <span class='ocrx_word' id='word_1_12' title='bbox 578 628 658 696; x_wconf 87' lang='lat' dir='ltr'>opto</span> <span class='ocrx_word' id='word_1_13' title='bbox 680 631 790 696; x_wconf 79' lang='lat' dir='ltr'>pacem</span> <span class='ocrx_word' id='word_1_14' title='bbox 816 614 1005 699; x_wconf 78' lang='lat' dir='ltr'>contingere</span> <span class='ocrx_word' id='word_1_15' title='bbox 1029 621 1168 701; x_wconf 73' lang='lat' dir='ltr'>populis</span> 
     </span>
     <span class='ocr_line' id='line_1_4' title="bbox 248 726 1168 810; baseline -0.002 -10"><span class='ocrx_word' id='word_1_16' title='bbox 248 750 313 801; x_wconf 82' lang='lat' dir='ltr'>tam</span> <span class='ocrx_word' id='word_1_17' title='bbox 341 737 399 798; x_wconf 91' lang='lat' dir='ltr'>diu</span> <span class='ocrx_word' id='word_1_18' title='bbox 428 731 572 808; x_wconf 80' lang='lat' dir='ltr'>miseris,</span> <span class='ocrx_word' id='word_1_19' title='bbox 610 726 737 806; x_wconf 83' lang='lat' dir='ltr'>speravi</span> <span class='ocrx_word' id='word_1_20' title='bbox 767 729 946 810; x_wconf 81' lang='lat' dir='ltr'>hactenns,</span> <span class='ocrx_word' id='word_1_21' title='bbox 971 749 1085 796; x_wconf 76' lang='lat' dir='ltr'>omnes</span> <span class='ocrx_word' id='word_1_22' title='bbox 1108 752 1168 798; x_wconf 74' lang='lat' dir='ltr'>ene</span> 
     </span>
     <span class='ocr_line' id='line_1_5' title="bbox 248 841 1166 927; baseline 0.002 -17"><span class='ocrx_word' id='word_1_23' title='bbox 248 864 388 927; x_wconf 89' lang='lat' dir='ltr'>qnorum</span> <span class='ocrx_word' id='word_1_24' title='bbox 408 841 456 910; x_wconf 81' lang='lat' dir='ltr'>res&#39;</span> <span class='ocrx_word' id='word_1_25' title='bbox 482 846 515 908; x_wconf 90' lang='lat' dir='ltr'>in</span> <span class='ocrx_word' id='word_1_26' title='bbox 532 860 629 906; x_wconf 80' lang='lat' dir='ltr'>manu</span> <span class='ocrx_word' id='word_1_27' title='bbox 654 854 731 920; x_wconf 86' lang='lat' dir='ltr'>est,</span> <span class='ocrx_word' id='word_1_28' title='bbox 761 843 943 907; x_wconf 76' lang='lat' dir='ltr'>collatutos</span> <span class='ocrx_word' id='word_1_29' title='bbox 967 843 1010 910; x_wconf 79' lang='lat' dir='ltr'>ad</span> <span class='ocrx_word' id='word_1_30' title='bbox 1038 861 1166 912; x_wconf 77' lang='lat' dir='ltr'>tantum</span> 
     </span>
     <span class='ocr_line' id='line_1_6' title="bbox 138 951 1165 1043; baseline 0.002 -21"><span class='ocrx_word' id='word_1_31' title='bbox 138 1026 141 1031; x_wconf 66' lang='grc'><strong>,</strong></span> <span class='ocrx_word' id='word_1_32' title='bbox 244 959 363 1023; x_wconf 87' lang='lat' dir='ltr'>bonnm</span> <span class='ocrx_word' id='word_1_33' title='bbox 400 957 558 1043; x_wconf 89' lang='lat' dir='ltr'>quicquid</span> <span class='ocrx_word' id='word_1_34' title='bbox 589 953 653 1018; x_wconf 82' lang='lat' dir='ltr'>suae</span> <span class='ocrx_word' id='word_1_35' title='bbox 678 968 729 1017; x_wconf 84' lang='lat' dir='ltr'>est</span> <span class='ocrx_word' id='word_1_36' title='bbox 763 951 945 1021; x_wconf 78' lang='lat' dir='ltr'>facultatis.</span> <span class='ocrx_word' id='word_1_37' title='bbox 1004 955 1165 1025; x_wconf 75' lang='lat' dir='ltr'>Putabam</span> 
     </span>
     <span class='ocr_line' id='line_1_7' title="bbox 244 1054 1169 1150; baseline 0.002 -16"><span class='ocrx_word' id='word_1_38' title='bbox 244 1071 360 1148; x_wconf 83' lang='lat' dir='ltr'>etiam,</span> <span class='ocrx_word' id='word_1_39' title='bbox 386 1054 431 1133; x_wconf 70' lang='lat' dir='ltr'>ent⁸</span> <span class='ocrx_word' id='word_1_40' title='bbox 447 1069 563 1132; x_wconf 86' lang='lat' dir='ltr'>multis</span> <span class='ocrx_word' id='word_1_41' title='bbox 588 1065 691 1130; x_wconf 75' lang='lat' dir='ltr'>causis</span> <span class='ocrx_word' id='word_1_42' title='bbox 710 1067 896 1150; x_wconf 80' lang='lat' dir='ltr'>Hispanum</span> <span class='ocrx_word' id='word_1_43' title='bbox 919 1088 958 1132; x_wconf 86' lang='lat' dir='ltr'>eo</span> <span class='ocrx_word' id='word_1_44' title='bbox 980 1070 1072 1132; x_wconf 75' lang='lat' dir='ltr'>ferri.</span> <span class='ocrx_word' id='word_1_45' title='bbox 1117 1072 1169 1136; x_wconf 79' lang='lat' dir='ltr'>De</span> 
     </span>
     <span class='ocr_line' id='line_1_8' title="bbox 238 1179 1168 1265; baseline -0.001 -16"><span class='ocrx_word' id='word_1_46' title='bbox 238 1184 435 1265; x_wconf 81' lang='lat' dir='ltr'>Imperatore</span> <span class='ocrx_word' id='word_1_47' title='bbox 459 1179 623 1244; x_wconf 85' lang='lat' dir='ltr'>dubitavi.</span> <span class='ocrx_word' id='word_1_48' title='bbox 687 1180 789 1243; x_wconf 89' lang='lat' dir='ltr'>Nunc</span> <span class='ocrx_word' id='word_1_49' title='bbox 815 1200 895 1244; x_wconf 85' lang='lat' dir='ltr'>vero</span> <span class='ocrx_word' id='word_1_50' title='bbox 930 1197 1044 1247; x_wconf 79' lang='lat' dir='ltr'>totae</span> <span class='ocrx_word' id='word_1_51' title='bbox 1076 1197 1168 1249; x_wconf 67' lang='lat' dir='ltr'>tenta</span> 
     </span>
     <span class='ocr_line' id='line_1_9' title="bbox 238 1289 1166 1379; baseline -0.005 -19"><span class='ocrx_word' id='word_1_52' title='bbox 238 1296 334 1379; x_wconf 82' lang='lat' dir='ltr'>video</span> <span class='ocrx_word' id='word_1_53' title='bbox 376 1307 563 1376; x_wconf 82' lang='lat' dir='ltr'>argumenta</span> <span class='ocrx_word' id='word_1_54' title='bbox 595 1289 736 1371; x_wconf 77' lang='lat' dir='ltr'>adferri,</span> <span class='ocrx_word' id='word_1_55' title='bbox 778 1311 839 1355; x_wconf 86' lang='lat' dir='ltr'>cur</span> <span class='ocrx_word' id='word_1_56' title='bbox 870 1291 900 1355; x_wconf 84' lang='lat' dir='ltr'>is</span> <span class='ocrx_word' id='word_1_57' title='bbox 933 1293 1022 1357; x_wconf 82' lang='lat' dir='ltr'>credi</span> <span class='ocrx_word' id='word_1_58' title='bbox 1050 1295 1166 1362; x_wconf 63' lang='lat' dir='ltr'>debut</span> 
     </span>
     <span class='ocr_line' id='line_1_10' title="bbox 232 1379 1163 1493; baseline -0.004 -21"><span class='ocrx_word' id='word_1_59' title='bbox 232 1410 331 1472; x_wconf 76' lang='lat' dir='ltr'>‚maile</span> <span class='ocrx_word' id='word_1_60' title='bbox 357 1406 444 1469; x_wconf 82' lang='lat' dir='ltr'>bel-io</span> <span class='ocrx_word' id='word_1_61' title='bbox 471 1404 538 1467; x_wconf 84' lang='lat' dir='ltr'>frui</span> <span class='ocrx_word' id='word_1_62' title='bbox 573 1423 668 1484; x_wconf 84' lang='lat' dir='ltr'>quam</span> <span class='ocrx_word' id='word_1_63' title='bbox 698 1379 807 1484; x_wconf 59' lang='lat' dir='ltr'>picem</span> <span class='ocrx_word' id='word_1_64' title='bbox 833 1402 908 1467; x_wconf 75' lang='lat' dir='ltr'>dare</span> <span class='ocrx_word' id='word_1_65' title='bbox 935 1420 967 1468; x_wconf 87' lang='lat' dir='ltr'>et</span> <span class='ocrx_word' id='word_1_66' title='bbox 995 1409 1163 1493; x_wconf 79' lang='lat' dir='ltr'>accipere,</span> 
     </span>
     <span class='ocr_line' id='line_1_11' title="bbox 236 1515 1163 1602; baseline 0.004 -17"><span class='ocrx_word' id='word_1_67' title='bbox 236 1536 364 1587; x_wconf 90' lang='lat' dir='ltr'>utnon</span> <span class='ocrx_word' id='word_1_68' title='bbox 393 1517 530 1602; x_wconf 80' lang='lat' dir='ltr'><strong>segniter</strong></span> <span class='ocrx_word' id='word_1_69' title='bbox 554 1517 589 1582; x_wconf 84' lang='lat' dir='ltr'>id</span> <span class='ocrx_word' id='word_1_70' title='bbox 616 1518 771 1582; x_wconf 85' lang='lat' dir='ltr'>omnibns</span> <span class='ocrx_word' id='word_1_71' title='bbox 799 1515 856 1582; x_wconf 81' lang='lat' dir='ltr'>fini</span> <span class='ocrx_word' id='word_1_72' title='bbox 879 1533 1027 1600; x_wconf 82' lang='lat' dir='ltr'>apertum</span> <span class='ocrx_word' id='word_1_73' title='bbox 1051 1520 1163 1588; x_wconf 79' lang='lat' dir='ltr'>factu·</span> 
     </span>
     <span class='ocr_line' id='line_1_12' title="bbox 237 1631 1166 1718; baseline 0.003 -20"><span class='ocrx_word' id='word_1_74' title='bbox 237 1650 316 1711; x_wconf 82' lang='lat' dir='ltr'>rus,</span> <span class='ocrx_word' id='word_1_75' title='bbox 344 1648 376 1694; x_wconf 92' lang='lat' dir='ltr'>et</span> <span class='ocrx_word' id='word_1_76' title='bbox 398 1634 502 1712; x_wconf 85' lang='lat' dir='ltr'>aequis</span> <span class='ocrx_word' id='word_1_77' title='bbox 520 1632 709 1696; x_wconf 77' lang='lat' dir='ltr'>hominibus</span> <span class='ocrx_word' id='word_1_78' title='bbox 727 1631 847 1711; x_wconf 76' lang='lat' dir='ltr'>facile,</span> <span class='ocrx_word' id='word_1_79' title='bbox 861 1646 899 1696; x_wconf 90' lang='lat' dir='ltr'>ut</span> <span class='ocrx_word' id='word_1_80' title='bbox 919 1633 1077 1716; x_wconf 78' lang='lat' dir='ltr'>confido,</span> <span class='ocrx_word' id='word_1_81' title='bbox 1090 1656 1166 1718; x_wconf 78' lang='lat' dir='ltr'>per·</span> 
     </span>
    </p>
   </div>
   <div class='ocr_carea' id='block_1_3' title="bbox 235 1744 1164 1941">
    <p class='ocr_par' dir='ltr' id='par_1_3' title="bbox 235 1744 1164 1941">
     <span class='ocr_line' id='line_1_13' title="bbox 235 1744 1164 1826; baseline 0.004 -15"><span class='ocrx_word' id='word_1_82' title='bbox 235 1744 389 1812; x_wconf 85' lang='lat' dir='ltr'>suasurus</span> <span class='ocrx_word' id='word_1_83' title='bbox 401 1790 413 1824; x_wconf 88' lang='lat'>‚</span> <span class='ocrx_word' id='word_1_84' title='bbox 426 1745 531 1810; x_wconf 84' lang='lat' dir='ltr'>neum</span> <span class='ocrx_word' id='word_1_85' title='bbox 545 1746 673 1809; x_wconf 89' lang='lat' dir='ltr'>interim</span> <span class='ocrx_word' id='word_1_86' title='bbox 686 1764 807 1826; x_wconf 79' lang='lat' dir='ltr'>orans,</span> <span class='ocrx_word' id='word_1_87' title='bbox 817 1745 852 1809; x_wconf 90' lang='lat' dir='ltr'>in</span> <span class='ocrx_word' id='word_1_88' title='bbox 866 1745 1071 1813; x_wconf 79' lang='lat' dir='ltr'>cuiusmmu</span> <span class='ocrx_word' id='word_1_89' title='bbox 1086 1748 1164 1815; x_wconf 89' lang='lat' dir='ltr'>sunt</span> 
     </span>
     <span class='ocr_line' id='line_1_14' title="bbox 239 1854 1163 1941; baseline 0.008 -24"><span class='ocrx_word' id='word_1_90' title='bbox 239 1854 340 1917; x_wconf 81' lang='lat' dir='ltr'>corda</span> <span class='ocrx_word' id='word_1_91' title='bbox 355 1854 508 1932; x_wconf 81' lang='lat' dir='ltr'>Regum,</span> <span class='ocrx_word' id='word_1_92' title='bbox 529 1872 568 1913; x_wconf 84' lang='lat' dir='ltr'>ut</span> <span class='ocrx_word' id='word_1_93' title='bbox 583 1873 620 1912; x_wconf 80' lang='lat' dir='ltr'>ea</span> <span class='ocrx_word' id='word_1_94' title='bbox 637 1858 670 1911; x_wconf 89' lang='lat' dir='ltr'>in</span> <span class='ocrx_word' id='word_1_95' title='bbox 694 1871 818 1932; x_wconf 81' lang='lat' dir='ltr'>partem</span> <span class='ocrx_word' id='word_1_96' title='bbox 845 1858 1009 1918; x_wconf 78' lang='lat' dir='ltr'>mitiorem</span> <span class='ocrx_word' id='word_1_97' title='bbox 1029 1878 1163 1941; x_wconf 78' lang='lat' dir='ltr'>vertat,</span> 
     </span>
    </p>
   </div>
   <div class='ocr_carea' id='block_1_4' title="bbox 230 1961 1164 2725">
    <p class='ocr_par' dir='ltr' id='par_1_4' title="bbox 230 1961 1164 2725">
     <span class='ocr_line' id='line_1_15' title="bbox 238 1961 1164 2046; baseline 0.009 -16"><span class='ocrx_word' id='word_1_98' title='bbox 238 1980 342 2046; x_wconf 86' lang='lat' dir='ltr'>utque</span> <span class='ocrx_word' id='word_1_99' title='bbox 370 1982 444 2028; x_wconf 89' lang='lat' dir='ltr'>cnm</span> <span class='ocrx_word' id='word_1_100' title='bbox 470 1961 597 2039; x_wconf 78' lang='lat' dir='ltr'>nanis,</span> <span class='ocrx_word' id='word_1_101' title='bbox 627 1961 684 2043; x_wconf 85' lang='lat' dir='ltr'>qui</span> <span class='ocrx_word' id='word_1_102' title='bbox 716 1961 936 2029; x_wconf 79' lang='lat' dir='ltr'>inevitabilem</span> <span class='ocrx_word' id='word_1_103' title='bbox 965 1966 1085 2034; x_wconf 74' lang='lat' dir='ltr'>Suedis</span> <span class='ocrx_word' id='word_1_104' title='bbox 1111 1991 1164 2037; x_wconf 75' lang='lat' dir='ltr'>at·</span> 
     </span>
     <span class='ocr_line' id='line_1_16' title="bbox 236 2075 1164 2158; baseline 0.005 -13"><span class='ocrx_word' id='word_1_105' title='bbox 236 2096 364 2146; x_wconf 88' lang='lat' dir='ltr'>morum</span> <span class='ocrx_word' id='word_1_106' title='bbox 399 2075 617 2140; x_wconf 82' lang='lat' dir='ltr'>necessitatem</span> <span class='ocrx_word' id='word_1_107' title='bbox 642 2075 807 2155; x_wconf 79' lang='lat' dir='ltr'>indixere,</span> <span class='ocrx_word' id='word_1_108' title='bbox 830 2094 881 2139; x_wconf 85' lang='lat' dir='ltr'>res</span> <span class='ocrx_word' id='word_1_109' title='bbox 911 2097 1008 2158; x_wconf 67' lang='lat' dir='ltr'>quem</span> <span class='ocrx_word' id='word_1_110' title='bbox 1033 2084 1164 2150; x_wconf 78' lang='lat' dir='ltr'>minime</span> 
     </span>
     <span class='ocr_line' id='line_1_17' title="bbox 235 2187 1163 2283; baseline 0.006 -27"><span class='ocrx_word' id='word_1_111' title='bbox 235 2210 310 2257; x_wconf 87' lang='lat' dir='ltr'>cum</span> <span class='ocrx_word' id='word_1_112' title='bbox 334 2191 486 2272; x_wconf 85' lang='lat' dir='ltr'>sanguine</span> <span class='ocrx_word' id='word_1_113' title='bbox 513 2187 719 2272; x_wconf 80' lang='lat' dir='ltr'>tranfigatur.</span> <span class='ocrx_word' id='word_1_114' title='bbox 777 2190 895 2255; x_wconf 75' lang='lat' dir='ltr'>Batavi</span> <span class='ocrx_word' id='word_1_115' title='bbox 923 2193 962 2283; x_wconf 77' lang='lat' dir='ltr'>in</span> <span class='ocrx_word' id='word_1_116' title='bbox 989 2213 1027 2260; x_wconf 81' lang='lat' dir='ltr'>ea</span> <span class='ocrx_word' id='word_1_117' title='bbox 1049 2214 1084 2260; x_wconf 86' lang='lat' dir='ltr'>re</span> <span class='ocrx_word' id='word_1_118' title='bbox 1111 2198 1163 2262; x_wconf 80' lang='lat' dir='ltr'>vi·</span> 
     </span>
     <span class='ocr_line' id='line_1_18' title="bbox 231 2299 1159 2386; baseline 0.008 -17"><span class='ocrx_word' id='word_1_119' title='bbox 231 2305 352 2369; x_wconf 86' lang='lat' dir='ltr'>dentur</span> <span class='ocrx_word' id='word_1_120' title='bbox 385 2299 456 2366; x_wconf 85' lang='lat' dir='ltr'>fore</span> <span class='ocrx_word' id='word_1_121' title='bbox 492 2300 695 2384; x_wconf 80' lang='lat' dir='ltr'>cordatiores</span> <span class='ocrx_word' id='word_1_122' title='bbox 726 2320 824 2386; x_wconf 75' lang='lat' dir='ltr'>quam</span> <span class='ocrx_word' id='word_1_123' title='bbox 856 2304 947 2370; x_wconf 78' lang='lat' dir='ltr'>fueoe</span> <span class='ocrx_word' id='word_1_124' title='bbox 981 2308 1159 2376; x_wconf 71' lang='lat' dir='ltr'>hactenus.</span> 
     </span>
     <span class='ocr_line' id='line_1_19' title="bbox 230 2417 1158 2503; baseline 0.01 -22"><span class='ocrx_word' id='word_1_125' title='bbox 230 2419 305 2503; x_wconf 78' lang='lat' dir='ltr'>ligo</span> <span class='ocrx_word' id='word_1_126' title='bbox 338 2436 417 2494; x_wconf 82' lang='lat' dir='ltr'>eos,</span> <span class='ocrx_word' id='word_1_127' title='bbox 449 2417 508 2496; x_wconf 90' lang='lat' dir='ltr'>qni</span> <span class='ocrx_word' id='word_1_128' title='bbox 542 2417 609 2480; x_wconf 79' lang='lat' dir='ltr'>illis</span> <span class='ocrx_word' id='word_1_129' title='bbox 640 2417 787 2481; x_wconf 82' lang='lat' dir='ltr'>inlotis</span> <span class='ocrx_word' id='word_1_130' title='bbox 819 2435 888 2495; x_wconf 74' lang='lat' dir='ltr'>mea</span> <span class='ocrx_word' id='word_1_131' title='bbox 919 2420 1054 2488; x_wconf 78' lang='lat' dir='ltr'>confilia</span> <span class='ocrx_word' id='word_1_132' title='bbox 1087 2443 1158 2490; x_wconf 84' lang='lat' dir='ltr'>nnn</span> 
     </span>
     <span class='ocr_line' id='line_1_20' title="bbox 232 2527 1157 2613; baseline 0.008 -17"><span class='ocrx_word' id='word_1_133' title='bbox 232 2532 414 2613; x_wconf 81' lang='lat' dir='ltr'>spernunt,</span> <span class='ocrx_word' id='word_1_134' title='bbox 437 2531 573 2593; x_wconf 83' lang='lat' dir='ltr'>incitare</span> <span class='ocrx_word' id='word_1_135' title='bbox 604 2545 671 2592; x_wconf 87' lang='lat' dir='ltr'>non</span> <span class='ocrx_word' id='word_1_136' title='bbox 701 2527 865 2610; x_wconf 81' lang='lat' dir='ltr'>definam,</span> <span class='ocrx_word' id='word_1_137' title='bbox 892 2548 932 2594; x_wconf 86' lang='lat' dir='ltr'>nt</span> <span class='ocrx_word' id='word_1_138' title='bbox 954 2535 1157 2602; x_wconf 73' lang='lat' dir='ltr'>oceafionem</span> 
     </span>
     <span class='ocr_line' id='line_1_21' title="bbox 231 2640 1159 2725; baseline 0.003 -13"><span class='ocrx_word' id='word_1_139' title='bbox 231 2646 313 2712; x_wconf 80' lang='lat' dir='ltr'>hanc</span> <span class='ocrx_word' id='word_1_140' title='bbox 337 2640 447 2708; x_wconf 84' lang='lat' dir='ltr'>fronte</span> <span class='ocrx_word' id='word_1_141' title='bbox 471 2645 624 2725; x_wconf 79' lang='lat' dir='ltr'>capillata</span> <span class='ocrx_word' id='word_1_142' title='bbox 648 2641 819 2725; x_wconf 76' lang='lat' dir='ltr'>arripiant.</span> <span class='ocrx_word' id='word_1_143' title='bbox 864 2642 1079 2722; x_wconf 78' lang='lat' dir='ltr'>Excellentiae</span> <span class='ocrx_word' id='word_1_144' title='bbox 1100 2669 1159 2714; x_wconf 79' lang='lat' dir='ltr'>au-</span> 
     </span>
    </p>
   </div>
   <div class='ocr_carea' id='block_1_5' title="bbox 114 2755 1156 2859">
    <p class='ocr_par' dir='ltr' id='par_1_5' title="bbox 114 2755 1156 2859">
     <span class='ocr_line' id='line_1_22' title="bbox 114 2755 1156 2859; baseline 0.008 -36"><span class='ocrx_word' id='word_1_145' title='bbox 114 2852 117 2859; x_wconf 27' lang='lat'>·</span> <span class='ocrx_word' id='word_1_146' title='bbox 231 2770 294 2823; x_wconf 88' lang='lat' dir='ltr'>tem</span> <span class='ocrx_word' id='word_1_147' title='bbox 320 2757 469 2836; x_wconf 76' lang='lat' dir='ltr'>Vestrae,</span> <span class='ocrx_word' id='word_1_148' title='bbox 500 2755 723 2823; x_wconf 80' lang='lat' dir='ltr'>mustrisfime</span> <span class='ocrx_word' id='word_1_149' title='bbox 740 2771 774 2822; x_wconf 89' lang='lat' dir='ltr'>et</span> <span class='ocrx_word' id='word_1_150' title='bbox 787 2756 1068 2828; x_wconf 74' lang='lat' dir='ltr'>Excellentiniime</span> <span class='ocrx_word' id='word_1_151' title='bbox 1081 2765 1156 2830; x_wconf 87' lang='lat' dir='ltr'>Do-</span> 
     </span>
    </p>
   </div>
   <div class='ocr_carea' id='block_1_6' title="bbox 230 2869 1158 2982">
    <p class='ocr_par' dir='ltr' id='par_1_6' title="bbox 230 2869 1158 2982">
     <span class='ocr_line' id='line_1_23' title="bbox 230 2869 1158 2982; baseline -0.006 -19"><span class='ocrx_word' id='word_1_152' title='bbox 230 2900 336 2977; x_wconf 85' lang='lat' dir='ltr'>mine,</span> <span class='ocrx_word' id='word_1_153' title='bbox 360 2899 469 2962; x_wconf 86' lang='lat' dir='ltr'>omnia</span> <span class='ocrx_word' id='word_1_154' title='bbox 488 2913 569 2982; x_wconf 89' lang='lat' dir='ltr'>opto</span> <span class='ocrx_word' id='word_1_155' title='bbox 594 2897 827 2980; x_wconf 78' lang='lat' dir='ltr'>prosperrima.</span> <span class='ocrx_word' id='word_1_156' title='bbox 869 2869 1158 2979; x_wconf 47' lang='lat' dir='ltr'>tutatast-”L</span> 
     </span>
    </p>
   </div>
   <div class='ocr_carea' id='block_1_7' title="bbox 229 2960 1197 3467">
    <p class='ocr_par' dir='ltr' id='par_1_7' title="bbox 229 2960 1197 3467">
     <span class='ocr_line' id='line_1_24' title="bbox 1050 2960 1197 3023; baseline 0.034 -5"><span class='ocrx_word' id='word_1_157' title='bbox 1050 2972 1153 3023; x_wconf 77' lang='lat' dir='ltr'>xxvii</span> <span class='ocrx_word' id='word_1_158' title='bbox 1192 2960 1197 2968; x_wconf 87' lang='lat'><em>&#39;</em></span> 
     </span>
     <span class='ocr_line' id='line_1_25' title="bbox 229 3040 638 3127; baseline 0.022 -21"><span class='ocrx_word' id='word_1_159' title='bbox 229 3040 375 3127; x_wconf 81' lang='lat' dir='ltr'>Augusti</span> <span class='ocrx_word' id='word_1_160' title='bbox 398 3053 638 3118; x_wconf 61' lang='lat' dir='ltr'>ctttocxttv·</span> 
     </span>
     <span class='ocr_line' id='line_1_26' title="bbox 786 3160 1069 3230; baseline 0.004 -1"><span class='ocrx_word' id='word_1_161' title='bbox 786 3160 915 3229; x_wconf 75' lang='lat' dir='ltr'>Excell.</span> <span class='ocrx_word' id='word_1_162' title='bbox 941 3161 1069 3230; x_wconf 77' lang='lat' dir='ltr'>Vettrae</span> 
     </span>
     <span class='ocr_line' id='line_1_27' title="bbox 547 3275 1131 3360; baseline 0.014 -20"><span class='ocrx_word' id='word_1_163' title='bbox 547 3289 738 3360; x_wconf 83' lang='lat' dir='ltr'>perpetuum</span> <span class='ocrx_word' id='word_1_164' title='bbox 762 3275 942 3345; x_wconf 83' lang='lat' dir='ltr'>serviturus</span> <span class='ocrx_word' id='word_1_165' title='bbox 967 3294 1006 3344; x_wconf 87' lang='lat' dir='ltr'>nt</span> <span class='ocrx_word' id='word_1_166' title='bbox 1027 3277 1131 3348; x_wconf 77' lang='lat' dir='ltr'>debeo</span> 
     </span>
     <span class='ocr_line' id='line_1_28' title="bbox 807 3392 1107 3467; baseline 0.027 -9"><span class='ocrx_word' id='word_1_167' title='bbox 807 3393 852 3458; x_wconf 88' lang='lat' dir='ltr'>H.</span> <span class='ocrx_word' id='word_1_168' title='bbox 880 3392 1107 3467; x_wconf 68' lang='lat' dir='ltr'>Genetos.</span> 
     </span>
    </p>
   </div>
   <div class='ocr_carea' id='block_1_8' title="bbox 0 0 1422 4830">
    <p class='ocr_par' dir='ltr' id='par_1_8' title="bbox 0 0 1422 4830">
     <span class='ocr_line' id='line_1_29' title="bbox 0 0 1422 4830; baseline 0 2"><span class='ocrx_word' id='word_1_169' title='bbox 0 0 1422 4830; x_wconf 95' lang='lat' dir='ltr'> </span> 
     </span>
    </p>
   </div>
  </div>
 </body>
</html>
