2834 4830
320 390 618 463 neessonrn
663 387 956 500 rnnnrrm
1053 386 1098 480 ty

159 561 302 628 tendunt
340 564 371 629 se
404 584 514 646 pacem
554 583 628 628 cnm
669 561 844 627 Rakoezio
877 563 1023 645 sperare,
1055 579 1094 632 ut
1178 623 1180 627 .

160 676 341 742 Gotzianis
379 679 487 760 copiis
515 677 667 742 adversus
701 679 842 744 Galliam
871 679 921 742 nti
947 674 1089 760 poslrntr

159 788 308 855 bavarus
340 792 570 874 quoque,din
594 794 696 856 multa
721 779 856 857 antehac
888 794 1024 856 locutus
1051 793 1091 856 de

158 903 323 968 eximenda
352 905 556 984 Franconia‚
579 906 720 984 Suettio,
746 907 882 972 Bavatia
907 925 946 969 ex
971 906 1091 970 Gallo·

80 1020 83 1024 '
155 1030 227 1079 rum
260 1016 441 1101 consensu,
476 1019 654 1098 quodiam
688 1001 857 1099 aliquibus
890 1021 1089 1084 allubescere

155 1145 324 1210 coeperat,
349 1130 493 1210 acceptis
517 1147 541 1194 a·
559 1132 686 1196 Vienna
712 1132 912 1198 auxiliorum
942 1132 1087 1216 promis„-

152 1239 217 1319 fis,
237 1245 376 1306 mutavit
399 1243 593 1320 sermonem,
618 1257 650 1305 et
675 1244 714 1306 ad
738 1226 988 1306 Mortalieriense
1016 1245 1089 1306 col·

152 1354 304 1434 loquium
334 1355 363 1416 ie
389 1353 513 1432 vertit,
536 1371 576 1416 eo
596 1353 673 1417 suos
700 1356 883 1434 missurus,
908 1355 998 1436 quod
1014 1356 1088 1419 eius

151 1468 299 1548 exemplo
326 1445 485 1532 dicuntur
508 1465 630 1532 factori
653 1482 685 1530 et
711 1469 768 1532 alii
793 1468 978 1549 Principes.
1024 1467 1088 1532 lla·

150 1580 254 1644 varici
288 1565 375 1644 bona
402 1575 553 1675 proclidio
580 1583 702 1646 babent
741 1582 949 1660 Stolhoviae,
986 1581 1087 1646 illan·

149 1692 253 1771 hemi,
277 1692 494 1758 Gernshemi:
531 1673 727 1777 Ringaviam
759 1709 913 1758 vastant:
949 1709 1088 1774 pontem

147 1804 294 1868 navalem
319 1821 451 1883 ponunt
477 1807 565 1882 apud
597 1809 745 1884 Bingrm.
800 1805 998 1869 Hazfeldius
1024 1825 1085 1887 per
1158 1833 1161 1839 ·

123 1913 286 1979 ‘Fuldnm
332 1913 518 1977 transierat.
583 1911 664 1974 Non
703 1911 834 1976 videtur
861 1911 1011 1977 fututum
1044 1927 1086 1979 ut

150 2016 349 2092 Monastetii
390 2026 424 2090 in
462 2042 565 2089 unum
603 2025 949 2120 locuntconveniant
985 2028 1084 2110 legati

148 2141 356 2223 Reipublicae
383 2141 518 2206 Venetae
545 2151 577 2202 et
614 2133 712 2223 legati
737 2139 971 2205 Electorums
1006 2140 1084 2204 No·

147 2255 222 2318 lunt
264 2255 348 2319 enim
382 2255 553 2319 Electores
594 2253 622 2314 ei
645 2253 864 2334 ‘Reipublicae
897 2252 1084 2333 postponi,

149 2386 342 2447 quamquam
361 2365 564 2446 Respublica
579 2365 727 2445 Veneta,
752 2364 883 2429 decreto
902 2366 1082 2448 Imperato-
1184 2440 1190 2446 ‚

149 2480 195 2543 ris
237 2480 266 2543 se
309 2482 496 2560 praelatam,
534 2477 720 2541 contendit.
782 2477 845 2539 Sed
878 2492 963 2559 puto
998 2497 1081 2542 con*

50 2666 55 2682 Ι
149 2589 279 2655 cursum
304 2592 399 2655 talem
429 2591 525 2672 posse
551 2590 675 2655 vitari„
720 2588 889 2653 'Audimus
914 2590 1009 2653 etiam
1036 2588 1079 2653 ab

147 2704 346 2789 Imperatore
370 2724 478 2770 novos
507 2705 627 2771 milites
657 2702 753 2769 scribi
778 2702 926 2766 interris
953 2701 1079 2766 heredi·

145 2821 253 2884 tatii-s.
289 2821 402 2896 Deus,
427 2818 645 2884 lllttstrissrmi
663 2830 695 2880 et
713 2813 985 2910 Excellentissrmi
1008 2815 1080 2879 Do·

147 2931 250 3010 mini,
279 2932 493 2997 Excellentiis
520 2932 651 2996 Vestris
678 2931 732 2994 det
761 2930 873 2994 omnia
901 2941 1077 3009 prospera.
1156 2914 1159 2919 ’

149 3070 293 3142 Lutetia
312 3039 402 3196 §Im
421 3073 624 3143 Novembris
650 3086 892 3147 ororocxnrv.

580 3246 796 3314 Excellentiis
821 3246 954 3311 Vestris

574 3358 726 3426 inservire
751 3351 995 3442 paratissimus¹

190 3611 314 3696 Regina
346 3615 499 3700 llngliae‚
524 3627 561 3680 ut
586 3613 682 3698 supra
708 3614 824 3702 attigi,
848 3615 1009 3700 plurimos
1040 3611 1075 3676 in
1129 3639 1143 3679 ,·
1229 3671 1233 3678 .

149 3722 272 3790 familia
289 3725 343 3789 ina
365 3726 459 3794 babet
477 3731 709 3797 protestantes.
755 3733 820 3798 Pro
843 3730 884 3793 iis
906 3723 1074 3804 obtinuit,

43 3933 46 3943 Ι
148 3853 187 3909 ut
214 3840 326 3906 liceret
351 3837 392 3905 iis
422 3860 533 3926 preces
568 3844 734 3977 collectim
765 3843 804 3905 ad
835 3841 941 3905 Deum
972 3835 1074 3931 iacere

579 3953 653 4020 Ea
993 3992 995 3997 ,
1043 3948 1078 4015 in
