2834 4830
182 305 190 322 ⁴
274 352 277 356 ·
325 347 622 416 unrsuonrn
666 318 995 413 tunultu?
1055 366 1106 428 μ.

162 521 240 616 μ’ξιῑ
257 535 415 604 perpetuo
433 518 504 583 iure
521 516 746 601 Episcopatus
757 504 961 588 ,Bremensem
975 529 1008 579 et
1018 515 1099 582 Hal-

63 688 67 694 .
99 674 103 682 -
167 632 411 699 δεπῐὶαάεηῖεηι.
457 634 604 700 llavarus
634 628 767 712 autent,
789 630 945 714 prolis,
971 649 1043 710 quae
1063 629 1099 694 iu

169 767 233 824 res
253 747 479 828 Imperatoris.
497 745 692 828 impendit‚·2
708 743 839 812 fruatur
870 741 1099 828 salzburgenli

117 854 120 863 ‘
168 859 399 943 Episcopatu,
421 857 690 926 donec'sruc'tus
704 859 850 926 debiturn
872 858 1099 940 aequaverint,

169 991 200 1037 et
215 974 256 1040 fic
274 973 428 1040 reddatur
442 973 787 1039 omnisPalatinatus.
842 973 919 1060 Quo
935 989 1017 1037 vero
1034 961 1103 1036 ma?

169 1085 223 1169 gis
245 1101 364 1152 contra
383 1087 497 1154 Daniae
523 1087 645 1170 Regem
664 1083 727 1152 res
745 1098 869 1153 nostrae
889 1084 1097 1167 procedunt,

170 1217 209 1263 eo
224 1189 359 1264 fetescit
384 1199 438 1266 hie
460 1199 580 1262 innos
603 1174 750 1278 rnv'rdt'a,
776 1214 835 1278 per
861 1198 1101 1271 multasartes
1192 1216 1197 1226 ·

47 1392 74 1402 μ’
170 1309 307 1379 fovente
322 1312 411 1376 talia
432 1311 581 1391 Poluniae
607 1298 923 1394 Regirlllesrdente,
954 1307 1012 1390 qui
1036 1307 1101 1373 Le·

169 1425 239 1509 gari
266 1423 402 1492 titulum
427 1422 601 1490 abeodem
625 1422 717 1508 Rege
737 1438 769 1488 et
794 1421 902 1508 Regni
925 1421 1108 1489 ordinibus:

51 1535 53 1542 ’
168 1536 301 1621 sperat„
347 1538 433 1606 Cum
448 1523 970 1606 Vendocinensrsuraneatextra
992 1536 1104 1622 Regni

168 1651 275 1733 lines,
299 1667 332 1717 et
361 1653 395 1716 in
423 1651 624 1734 propinquis
647 1649 798 1720 Genevae-
823 1650 912 1716 locis
939 1650 1104 1714 serenent

168 1764 238 1831 dux
270 1764 471 1846 Bulionius,
514 1785 553 1832 eo
590 1765 754 1852 digressus
789 1763 951 1847 quiade·
974 1761 1102 1829 Sedano

170 1874 352 1955 transigere
375 1878 530 1950 nolebat,
553 1877 688 1952 utrique
711 1887 818 1935 autern
839 1873 1035 1936 commercia
1053 1890 1105 1936 ar·
1177 1917 1180 1922 ι

65 1995 70 2015 ’
175 2004 256 2051 cana
277 1984 344 2049 esse
367 1984 543 2050 credantur
566 2001 643 2056 cum
659 1983 896 2066 Espernoni0‚
923 1985 982 2067 qui
1000 1984 1104 2052 nullis

173 2099 360 2167 rationibus
376 2097 637 2181 inducipotest,
655 2093 995 2163 utiuaulatnveniat:
1021 2098 1104 2162 Pro·
1197 2075 1203 2088 ⁸

173 2228 333 2281 testantes
355 2213 573 2297 autemregui
594 2213 716 2293 huius,
750 2229 786 2276 ac
810 2210 1004 2275 nominatim
1024 2211 1106 2277 Dux

171 2325 347 2393 Lafortius
372 2325 529 2407 filiusque
556 2327 651 2408 eius,
675 2326 714 2392 de
747 2325 862 2391 multis
896 2326 995 2391 rebus
1025 2343 1104 2407 que,-

146 2418 148 2426 ¹
173 2456 308 2508 rantur:
362 2440 477 2507 multis
514 2454 671 2521 praeterea
702 2439 738 2502 in
768 2440 853 2505 loeis
885 2439 1039 2507 civitates
1070 2453 1106 2505 et

173 2555 332 2620 nobilitas
353 2571 421 2618 non
455 2551 584 2633 optimo
612 2547 675 2614 srnt
701 2549 822 2616 affectu
845 2570 921 2635 erga
943 2571 994 2616 res
1021 2572 1107 2633 prae·

65 2680 68 2685 ’
173 2668 303 2748 sentes,
336 2665 515 2735 creduntur
545 2662 641 2731 facile
674 2680 787 2732 motus
819 2663 916 2747 posse
946 2664 1104 2733 existeret

173 2781 343 2868 magisque
362 2778 480 2867 egoid
496 2773 686 2860 'crederem
707 2779 732 2847 fi
760 2779 913 2863 Hispano
933 2798 970 2845 ea
992 2778 1104 2862 esset,
1169 2760 1173 2772 ’

154 2901 249 2976 'quae
277 2895 357 2960 olim
379 2892 468 2970 snit,
486 2891 644 2974 largiendi
668 2891 826 2960 facultas.
872 2896 953 2960 Dux
978 2894 1107 2961 Lotha.

175 3006 311 3091 ringiae‚
333 3006 533 3074 etiamnunc
550 3007 761 3094 Humburgi,
784 3007 900 3091 cupias
925 3006 965 3072 ad
982 3005 1110 3074 Mosel-

149 3124 236 3188 ⁴laur
265 3121 383 3190 habeta
415 3121 586 3188 blanditur
603 3121 724 3189 Gallo:
756 3135 854 3184 nutat
872 3119 1012 3187 Caesari:
1045 3140 1109 3187 nu·

175 3249 223 3301 tat
242 3234 552 3318 Bavaro‚2quicum
580 3249 613 3300 et
636 3233 763 3316 aliquid
787 3231 847 3316 ipsr
872 3231 1106 3299 controverliae

175 3364 226 3417 est
251 3348 289 3412 de
305 3349 460 3419 ¹militurn
483 3348 614 3415 sedibus
642 3347 682 3413 ad
708 3348 876 3414 Rhenum.
920 3347 1011 3414 Inter
1034 3347 1107 3414 lto·

173 3481 255 3532 mam
288 3477 321 3528 et
358 3461 546 3544 opposrturu
585 3461 703 3542 fedus,
743 3459 873 3527 sublato
909 3463 968 3529 illo
1002 3478 1108 3536 certa·¹

176 3577 260 3640 ruine
286 3577 325 3643 de
350 3576 492 3643 vocibus
517 3591 576 3641 aut
603 3576 847 3658 qualitatibus,
882 3596 945 3661 pax
982 3575 1110 3643 tandem

176 3683 265 3758 facta
284 3689 449 3770 creditur,
475 3708 542 3756 non
564 3688 628 3756 fine
649 3691 755 3777 gloria
776 3692 1003 3784 Venetnru'ut,
1029 3690 1108 3771 qui,

178 3797 256 3869 dun
275 3799 313 3864 de
336 3818 416 3882 pace
439 3806 572 3890 agitur,
593 3807 707 3870 hostes
732 3790 1111 3888 aliundeuoutffstella,

612 3914 640 3978 C
668 3930 688 4002 5
1072 3925 1116 3987 -ta
