2834 4830
169 341 176 359 ⁸
265 364 330 414 ιη
391 336 1113 415 rounuursoxnusrraaum

260 532 332 579 nam
356 512 609 578 conventionem
640 514 815 597 inituram,
863 517 954 602 (Hac
971 517 1197 587 solicitudine

256 629 337 694 licet
359 627 528 706 intactos,
552 626 665 691 multis
687 627 721 692 in
746 629 883 710 modis‚.
900 649 962 695 nos
982 633 1116 698 liberare
1137 654 1195 698 vo-

257 744 323 809 luit
347 745 393 809 D.
425 741 639 827 Servientus,
676 740 709 803 in
739 760 872 823 eamque
902 744 1090 811 sententiam
1116 747 1206 813 eunt=x
1236 720 1241 732 .

256 855 514 924 Eminentissrmi
533 852 719 919 Cardinalis
742 853 906 921 Mazatini
931 873 994 924 tarn
1017 861 1194 926 Resolutio

257 970 333 1034 data
350 968 477 1034 lesuitae
496 969 677 1050 Bavarico,
703 988 800 1051 quam
814 972 859 1036 D.
876 969 1005 1037 Vestrae
1026 972 1124 1055 super
1139 956 1197 1038 et·
1259 999 1261 1002 ⁴

257 1083 331 1150 dem
373 1080 462 1148 facta
496 1084 792 1170 communicatio.)
845 1103 978 1166 verum,
1011 1086 1195 1168 expenden-

254 1199 349 1264 tibus
381 1199 479 1264 nobis
512 1201 679 1281 praeterita
706 1200 840 1266 consilia
871 1215 902 1264 et
936 1201 1106 1281 actiones,
1133 1201 1192 1265 sta-

143 1308 147 1317 '
254 1324 395 1393 tumque
416 1312 604 1395 praesentem
630 1312 769 1394 Bavari,
797 1329 1057 1399 caeterorumque
1080 1315 1112 1379 in
1138 1315 1195 1380 illa¹

252 1428 342 1511 liga,
367 1445 434 1491 non
451 1421 557 1508 pauca
573 1442 776 1506 occurrunt,
802 1427 1025 1511 suggerentia,
1048 1431 1193 1495 Neutra·

251 1541 378 1605 litatem
402 1557 490 1604 nunc
511 1556 580 1604 non
598 1537 680 1603 serio
700 1539 791 1620 peti,
839 1539 892 1603 sed
915 1540 1098 1621 Bavarum,
1122 1541 1192 1604 sue·
1279 1586 1280 1590 ,

151 1650 171 1746 Ἰ
251 1668 322 1719 turn
348 1654 482 1718 antehac
507 1651 610 1718 variis
642 1651 701 1716 srbi
729 1652 921 1717 consulendi
949 1653 1099 1732 artibus,
1130 1654 1191 1720 hac

251 1762 420 1828 oblatione
451 1779 492 1824 eo
526 1779 634 1840 usque
664 1761 738 1840 uti,
784 1762 862 1825 dum
899 1776 1028 1843 tempus
1063 1762 1123 1828 srbi
1159 1780 1192 1831 et

210 1856 211 1859 Ἴ
251 1874 375 1943 Caesari
393 1874 557 1940 lucretur.
600 1869 696 1936 Vidit
715 1871 915 1938 artificiosus
935 1888 1121 1958 temporum
1141 1899 1190 1943 re·

250 2008 389 2072 rumque
406 2002 562 2068 exactor,
579 1986 643 2051 iam
662 1976 752 2072 tum,
771 2009 844 2054 cum
863 1988 896 2052 in
917 1988 1103 2058 Bohemiam
1122 2015 1193 2060 mo·

169 2104 172 2110 ’
248 2121 339 2174 veret
363 2101 697 2183 D.Torstcnsonius,
723 2103 834 2168 omnia
854 2123 996 2189 pugnam
1021 2124 1208 2178 cruentamx

249 2222 416 2306 spectare,
450 2218 592 2296 ideoque
625 2216 786 2298 integris,
830 2215 882 2279 sed
914 2233 1019 2282 tamen
1051 2222 1189 2302 dubiis,

248 2335 370 2408 rebus,
402 2325 563 2399 mittendo
591 2322 864 2390 [esaiam-inum
896 2327 930 2390 in
959 2329 1108 2411 Gallias,
1141 2333 1188 2399 ita

249 2446 279 2511 se
302 2441 512 2526 composuit,
538 2453 575 2504 ut
599 2456 801 2522 quocunque
824 2438 1188 2528 victoriainclinaret,

145 2592 147 2598 ·
248 2560 326 2627 istic
353 2557 484 2624 haberet
507 2554 673 2636 aliquem,
706 2555 763 2635 qui
790 2572 851 2636 pro
880 2575 916 2642 re
948 2559 1047 2640 nats,
1073 2577 1188 2644 partes

246 2675 320 2741 suas
340 2685 461 2758 ageret.
507 2669 689 2760 Postquam
710 2687 789 2733 vero
807 2671 960 2748 proelium
981 2673 1189 2757 improspere·

248 2787 343 2853 cessit
368 2782 586 2861 Caesarianis,
618 2796 650 2846 et
675 2781 780 2864 copiae
802 2780 968 2845 Bavaricae
991 2782 1023 2846 in
1050 2804 1088 2848 eo
1116 2807 1187 2857 non

247 2917 365 2986 parum
387 2894 572 2962 detrimenti
599 2894 784 2980 cepissent,
808 2892 977 2960 verisimile
1004 2912 1077 2981 est,
1104 2920 1185 2984 pro·
1272 2910 1274 2915 “

245 3012 460 3097 positionem,
491 3009 631 3091 tempori
661 3025 825 3090 aptatam,
857 3029 924 3075 non
953 3010 1012 3076 nisr
1044 3016 1188 3099 tempori

245 3123 403 3206 trahendo
428 3123 589 3189 serviisse.
641 3122 709 3186 Vix
735 3122 820 3188 enim
847 3140 959 3191 estut
989 3127 1185 3210 credamus,

244 3243 429 3318 Bavarum,
454 3237 534 3317 qui,
559 3237 581 3301 sr
609 3254 676 3300 non
706 3240 909 3320 concitavit,
935 3242 1114 3332 multorum
1132 3255 1188 3308 ta·

245 3371 317 3420 men
342 3352 500 3435 opinione
524 3349 648 3414 dicitur
668 3347 792 3416 fovisse
819 3352 988 3417 funestum
1010 3354 1075 3418 hoc
1096 3355 1189 3449 Ger-J

242 3463 356 3532 maniae
391 3464 535 3546 bellum,
570 3484 681 3546 nunc,
714 3479 794 3550 post
830 3442 936 3551 magni
969 3467 1188 3533 emolumenti

243 3592 400 3666 gustum,
432 3602 505 3645 cum
534 3580 696 3661 genuinus
731 3579 803 3645 eius
827 3580 967 3645 sructus
1006 3578 1187 3675 speratur,t

243 3711 330 3775 arara
360 3680 605 3772 deposrtnrum:
651 3705 683 3752 et
718 3692 740 3756 fi
778 3695 831 3756 vel
860 3691 993 3755 maxime
1028 3694 1093 3760 hoc
1118 3683 1188 3762 'fibi‘

153 3860 156 3867 .
243 3804 337 3871 cordi
361 3804 426 3868 esse
447 3804 521 3871 aliis
542 3801 730 3888 persuadere
749 3804 870 3889 vellet,
897 3826 963 3889 quo
988 3783 1186 3891 collaturum

1116 3933 1177 3983 errt
