2834 4830
409 369 467 436 mn
512 316 787 433 ronouurs
825 363 1252 440 oxuusrrarturr

402 531 673 602 nlssrnrlauxilio
703 532 885 602 inhaere
925 536 976 603 uti
1012 536 1147 619 posset,
1188 538 1336 607 statuisse

402 646 445 713 ad
479 646 583 712 aulam
620 645 780 713 Gallicam
812 646 957 735 ablegare
997 649 1092 733 supra
1133 654 1339 720 nominatum

399 761 448 827 D·
466 759 706 840 Gumoarium,
736 775 850 843 petens
883 764 941 828 has
976 764 1088 830 literas
1122 765 1162 831 ad
1195 767 1340 834 D.Ves·

400 888 505 953 tram,
528 888 566 938 ut
594 890 662 937 non
686 873 785 938 modo
805 874 848 940 iis
873 889 1041 961 pararetur
1070 879 1221 946 accessus
1250 880 1340 965 apud

399 988 447 1055 D.
459 985 633 1069 Vestram,
658 987 831 1053 sedetiam
860 1002 900 1055 ut
923 989 1057 1073 eadem,
1080 992 1227 1079 cognitis
1252 995 1336 1061 iuri·

398 1101 464 1167 bus
487 1116 521 1167 et
545 1114 618 1171 tota
641 1100 753 1168 caussa
781 1102 817 1167 8.
835 1101 1075 1186 celsitudinis,
1106 1105 1195 1199 apud
1222 1107 1337 1172 minis·

401 1227 474 1281 tros
487 1214 634 1307 Regios,
658 1216 704 1282 D.
722 1215 931 1299 Guesontio,
951 1219 985 1284 in
1008 1218 1235 1286 commissione
1257 1226 1337 1287 alte·

351 1402 357 1410 ,
395 1328 568 1397 memorati
590 1330 776 1412 principis,
801 1331 1012 1399 adiutabilem
1040 1351 1169 1418 operam
1195 1350 1335 1418 prasta-

394 1444 461 1509 let·
515 1442 606 1510 Huic
632 1444 669 1510 8.
689 1444 907 1512 Celsrtudinis
936 1448 1102 1513 benevolae
1130 1447 1337 1530 requisitioni

286 1638 290 1653 ¹
394 1552 500 1623 libens
526 1571 646 1619 morem
669 1571 804 1640 gerens,
829 1561 927 1643 longa
945 1556 1046 1641 ipsius
1071 1558 1202 1624 caussae
1227 1572 1260 1621 et
1284 1559 1335 1623 iu·

396 1668 484 1735 rium
508 1668 693 1736 recensione
725 1688 814 1737 nunc
846 1670 1061 1753 supersede03
1109 1684 1228 1753 utpote
1260 1691 1336 1753 quae

342 1814 345 1821 ·
394 1779 602 1845 commodius
633 1791 667 1839 et
696 1780 832 1843 uberius
865 1781 899 1842 in
930 1783 1008 1842 loeo
1037 1798 1056 1842 a
1081 1774 1127 1844 D.
1150 1780 1336 1848 Gnesontio

393 1887 559 1976 cognosci
581 1898 757 1970 poterunt.
824 1887 902 1955 Hoc
931 1902 1037 1955 tamen
1064 1889 1278 1958 intermittere
1302 1906 1336 1960 et

392 2001 558 2089 praeterire
584 2019 643 2068 nec
670 2003 805 2086 possum
826 2021 885 2067 nec
916 2001 1041 2069 debeo:
1071 2002 1195 2072 scillcet
1220 2006 1335 2089 quod,

395 2117 667 2202 quemadmodum
693 2117 839 2184 Corona
868 2116 1018 2184 lederttae
1050 2118 1336 2229 plenipotentiarii

391 2220 515 2320 legati,
545 2250 632 2299 nune
668 2230 794 2296 iunctis
829 2230 973 2296 consiliis
1013 2231 1230 2316 viribusque,
1269 2236 1332 2317 pro

392 2342 599 2410 restitutione
629 2338 845 2419 spoliatorum
883 2335 1022 2421 statuum
1059 2342 1242 2409 Germaniae
1276 2343 1332 2408 hic

393 2455 605 2530 laboramus,
629 2462 661 2515 et
686 2448 724 2515 8.
745 2447 848 2535 Regia
863 2448 1024 2516 Maiestas
1042 2450 1189 2532 Suedius,
1213 2452 1333 2521 Domi.

393 2584 436 2636 na
452 2581 520 2633 mea
536 2561 817 2642 clementissima,
850 2562 994 2629 iniunxit
1021 2564 1142 2647 nobis,
1170 2579 1209 2632 ut
1235 2585 1333 2652 quam

396 2675 1331 2767 diligentisllmahabereturratiocelsrssrmiMarchionia

392 2792 576 2862 Fredcricl:
623 2790 670 2857 lto
700 2789 810 2876 Regiae
839 2789 876 2856 8.
904 2789 1091 2857 Maiestatis
1119 2794 1328 2876 propositum

390 2923 423 2976 et
455 2908 491 2976 S.
521 2904 609 2975 cels.
643 2901 819 2985 interesse,
855 2902 1087 2972 illustrissimo
1119 2904 1166 2970 D.
1200 2884 1357 2973 Comitl·

387 3020 605 3114 D’llvausro,
644 3017 704 3100 ¹qui
734 3016 796 3083 iam
829 3015 898 3082 dies
932 3017 1062 3101 aliquot
1094 3017 1128 3083 in
1156 3019 1216 3085 hac
1250 3019 1330 3087 urbe

391 3133 500 3222 degit,
525 3131 654 3199 meliori
676 3129 774 3197 modo
799 3129 1121 3212 commendavimus,
1146 3144 1182 3197 ut
1199 3132 1329 3211 cadem,

390 3271 463 3318 cum
496 3247 632 3332 collegis
669 3243 931 3324 communicata,
980 3243 1105 3312 mutuis
1138 3245 1247 3326 operis
1287 3243 1328 3310 ed

392 3373 545 3443 optatum
570 3358 697 3434 exitum,
726 3357 971 3440 perduceretur.
1024 3357 1135 3439 Atque
1159 3355 1233 3423 ideo
1258 3375 1327 3424 non

322 3522 325 3527 .
391 3472 450 3538 abs
475 3471 652 3554 tefuerit,
677 3472 756 3555 quin
782 3469 849 3535 imo
867 3468 977 3555 Regiae
996 3469 1325 3536 MaiestatisSuediae

389 3581 566 3653 intentioni
591 3600 623 3651 et
652 3585 779 3650 nostris
814 3582 984 3651 laboribus
1017 3583 1241 3663 conveniens,
1275 3583 1324 3665 st,

389 3695 551 3780 imprlmis
578 3693 664 3777 apud
690 3693 993 3766 Eminentissrmum
1014 3693 1224 3762 cardinalem
1249 3696 1325 3767 Ma·

390 3811 562 3894 aurinum,
586 3808 750 3894 aequitatis
772 3807 885 3897 ¹gloria
907 3823 940 3893 et
966 3809 1166 3878 authoritate
1190 3809 1327 3892 conspr-1

1204 3941 1324 4003 cuum,
