2834 4830
285 1791 349 1943 P
354 1887 508 1954 oatquam
540 1858 700 1957 cogiovtt
738 1872 884 1940 instituti
926 1874 1020 1960 Regii
1053 1877 1178 1963 Belgiol

242 1984 366 2052 Classis
391 1984 554 2055 iecunda„
578 2005 660 2065 quae
680 1986 849 2052 Historiae
870 1990 993 2053 Patriae
1014 2009 1043 2053 er
1069 1995 1176 2056 litera·

241 2116 313 2163 rum
343 2097 546 2182 Belgicaruut
579 2099 705 2166 causam
738 2116 871 2177 tuetur,
907 2101 939 2161 in
974 2101 1213 2191 Bibliotheca

241 2209 342 2297 Regia
356 2213 593 2278 Haunoverana
612 2214 768 2278 asservari
787 2212 944 2278 Codicern
960 2216 1007 2277 M.
1023 2213 1083 2292 S.‚
1108 2229 1178 2295 quo

241 2330 429 2409 complures
453 2327 702 2391 continerentur
731 2328 884 2411 Hugonis
901 2328 1015 2393 Grotii
1038 2330 1176 2407 Episto-

238 2441 287 2506 iae
313 2441 473 2520 ineditae,
505 2441 585 2504 adiit
610 2440 804 2504 Ministruru
830 2461 933 2506 rerum
963 2443 1049 2522 regni
1065 2441 1175 2507 =intet-

136 2578 139 2587 ·
239 2571 378 2632 aarum,
411 2554 465 2618 cui
503 2570 582 2615 cura
614 2552 733 2614 attium
762 2553 857 2613 etiam
886 2567 916 2613 et
944 2554 1109 2616 literarum
1140 2558 1174 2619 in

236 2659 351 2750 Belgio
378 2665 527 2731 mandata
551 2679 626 2743 est,
651 2664 813 2748 petiitque
839 2660 958 2728 aViro
979 2667 1106 2729 Exceit.
1135 2679 1172 2731 ot

235 2755 322 2846 suurn
347 2779 496 2845 adhibete
524 2796 654 2860 operam
681 2780 799 2856 veiler,
834 2797 896 2865 qua
932 2781 1171 2859 opportunitas

235 2893 367 2961 daretur
381 2893 538 2954 Codicem
563 2887 655 2953 illum
679 2892 865 2955 accuratius
884 2894 1100 2973 explorandi,
1135 2907 1179 2968 ut*

236 3001 416 3083 constaret,
434 3020 473 3067 an
494 3001 660 3066 Historiae
678 3005 821 3085 patriae,
844 3008 893 3066 vei
916 3008 1081 3092 literarum
1105 3004 1169 3068 stu-

163 3166 166 3170 .
235 3116 323 3182 dium
355 3135 395 3180 ex
434 3116 531 3180 editis
565 3117 630 3179 illis
664 3119 829 3200 Epistolis
854 3119 1019 3178 commodi
1044 3119 1170 3198 aliquid

236 3245 333 3311 utque
357 3231 548 3295 incrementi
572 3232 737 3312 percipere
762 3229 886 3310 posset.
1102 3216 1104 3219 ⁸

275 3343 509 3410 Benevolentia
530 3365 604 3411 cum
630 3344 831 3428 Legatorum
855 3322 1000 3411 aularum
1032 3359 1064 3409 et
1097 3346 1169 3411 Bel·
1242 3371 1246 3380 ¹

232 3459 321 3542 gicae
337 3472 369 3524 et
388 3459 667 3536 Hannoveranae‚
693 3473 760 3522 tum
788 3456 1025 3538 praefectorum
1046 3462 1168 3524 Biblio-

234 3573 344 3636 thecae
377 3576 504 3658 regiae,
537 3591 618 3654 quae
646 3571 872 3637 Hannoveriae
902 3587 974 3652 est,
1013 3572 1166 3639 effectum

231 3680 319 3760 fuit,
351 3701 388 3748 ut
421 3688 536 3753 Codex
568 3691 631 3752 huc
666 3689 792 3754 delatus
823 3703 854 3752 et
881 3685 1036 3750 secundae
1061 3664 1167 3750 Clarii

194 3830 199 3840 ·
231 3795 376 3862 traditus
404 3796 457 3863 fit.
502 3801 688 3881 Explorato
715 3820 795 3866 vero
813 3800 939 3868 Codice
965 3799 1050 3865 vidit
1070 3800 1168 3863 Clas·
1195 3820 1197 3825 ’

669 3910 733 3978 *a
1103 3905 1169 3989 fia,
