2834 4830
236 364 282 438 rs
368 308 1056 465 nuoomrsouorrr

235 537 424 624 gucdociam
461 541 587 622 possint
619 534 832 619 prtecludere.
911 536 947 602 In
988 534 1163 602 Germania

236 669 292 716 arx
320 654 503 720 Crucentci
534 653 637 720 adhuc
665 667 780 715 contra
809 652 927 719 Gallos
957 650 1156 716 defenditur.
1264 730 1267 737 Ι

152 828 155 836 .
238 765 359 846 Cepere
394 766 484 834 Galli
518 783 607 832 arces
650 764 827 847 quasdam,
859 766 943 834 inter
975 786 1028 832 eos
1059 766 1165 829 Aber-

236 877 374 947 lienum.
428 881 506 945 Dux
535 881 677 946 Carolus
705 898 817 965 magna
852 883 975 946 tributa
1002 878 1103 962 exigit
1125 889 1169 938 ex

234 990 411 1057 Eierfcldia
434 1011 465 1059 et
492 992 707 1061 Melerfeldla.
755 996 936 1081 Cupiarum
964 993 1035 1056 eius
1063 986 1166 1052 moxl-

235 1120 286 1167 ma
313 1122 387 1185 pars
407 1107 461 1171 nd
495 1108 665 1174 Mosellam
701 1108 731 1174 le
764 1111 881 1188 habet,
914 1106 1058 1170 nondum
1089 1115 1165 1163 cum

235 1218 405 1283 Glonianis
434 1220 633 1299 coniuncta,
657 1237 713 1298 et,
738 1241 776 1283 ue
804 1222 836 1284 id
863 1220 958 1282 stelle
985 1217 1060 1293 fiat,
1087 1213 1165 1276 nris·

233 1327 288 1392 sus
315 1330 348 1393 in
376 1329 646 1396 Honrlsruclriam
671 1330 757 1396 Rosa
783 1350 857 1396 cum
883 1332 990 1394 tribus
1016 1326 1165 1409 equitum

233 1441 393 1506 millibus.
458 1444 526 1528 Qui
553 1461 659 1509 autem
695 1445 869 1508 Gallorum
903 1444 990 1504 circa
1020 1442 1168 1501 Franco·

150 1598 153 1608 ·
235 1555 366 1620 thaliam
391 1553 542 1634 fuerant,
578 1556 652 1620 indo
685 1552 818 1640 digressi
851 1553 945 1630 sunt,
976 1543 1168 1634 impedituri

233 1666 413 1729 Bavnrlcos
437 1688 474 1729 ne
494 1669 628 1750 Bingium
649 1671 793 1749 capiant.
839 1658 1003 1731 Hoechsto
1028 1659 1166 1726 Bovario

121 1847 125 1855 ,
231 1771 340 1840 delita
356 1771 445 1843 nono
464 1780 578 1846 menfis
599 1781 719 1846 huius:
740 1777 935 1845 Hazfeltlius
954 1790 1083 1851 autem,
1104 1771 1166 1835 Ba·

231 1888 354 1953 varicis
383 1888 572 1970 seiunctus,
600 1889 732 1954 videtur
759 1891 825 1968 ire,
846 1903 883 1953 ut
901 1906 974 1952 cum
999 1882 1162 1952 Gollnssro

231 2000 263 2067 se
289 2003 417 2088 iungat.
470 2005 507 2069 In
533 2005 690 2069 Hibernia
717 2003 756 2067 ab
783 2003 924 2068 Oncalio
950 2000 1020 2066 caesr
1050 1998 1168 2063 dicuu-

232 2116 411 2182 tur·Scoti
432 2119 631 2201 octingenti:
660 2115 864 2188 aPraestono
887 2130 993 2182 autem
1016 2113 1165 2180 Hiberno

232 2229 413 2295 Pontificio
440 2229 578 2290 oblideri
600 2248 656 2290 arx
681 2232 882 2309 Duyauana‚
907 2230 992 2293 amni
1022 2227 1167 2290 Kilkeno

233 2337 346 2404 ronta.
410 2339 535 2425 Regina
568 2340 693 2424 ungue
733 2341 789 2407 <uu
817 2340 935 2425 petus,
970 2322 1006 2403 ut
1031 2337 1167 2403 Protes-

234 2452 407 2533 tontibns,
434 2456 545 2536 quales
575 2455 649 2520 sunt
686 2456 834 2539 plerique
860 2456 897 2520 de
924 2452 1166 2532 familiarius,

232 2567 371 2632 liberum
397 2566 435 2633 lit
460 2569 630 2651 religionis
651 2570 842 2635 exercitium
873 2570 905 2634 ln
932 2569 1084 2650 Lupum:
1112 2564 1167 2632 sed

232 2685 315 2750 nihil
345 2683 492 2748 obtinult
517 2681 682 2761 amplius,
709 2700 804 2762 quarn
829 2683 934 2745 utris
961 2681 1057 2744 licett'
1084 2696 1167 2744 con·

233 2796 374 2861 iunctim
399 2796 503 2860 Deum
529 2794 668 2875 precari.
715 2794 858 2859 Motlnm
884 2792 918 2856 in
944 2790 1166 2874 Lothnrlngln

234 2908 386 2976 audimus
418 2904 555 2972 obfideri
578 2927 596 2972 a
623 2904 797 2974 Gallorum
823 2908 875 2971 serr
906 2903 1076 2984 millibus,
1110 2903 1166 2968 de·

235 3021 325 3087 fenei
362 3039 379 3084 a
413 3020 661 3104 Lothorlngicis
693 3022 779 3086 mille
810 3035 842 3085 ct
876 3021 1076 3106 quingentls.
1132 3020 1165 3087 A

195 3114 198 3121 ¹
234 3134 460 3202 Francofurto
480 3134 662 3217 discimus,
686 3152 765 3217 eos,
786 3135 845 3220 qui
864 3135 910 3201 ibi
925 3134 1020 3213 lunt,
1044 3131 1163 3196 coniu-

225 3248 324 3335 gium
349 3249 483 3332 Regmae
510 3264 635 3317 nostrae
660 3268 733 3316 cum
758 3251 911 3317 Electote
935 3242 1166 3309 Brundenbur·

235 3363 311 3447 giro
339 3363 453 3428 habero
479 3383 540 3446 pro
568 3385 600 3431 re
623 3369 730 3444 facta,
753 3363 810 3428 nist
836 3358 925 3441 quod
945 3359 1041 3444 legati
1060 3357 1162 3421 Bran·

234 3475 426 3559 derrburgici
456 3496 522 3543 non
554 3480 612 3547 nisr
646 3486 742 3565 parce
766 3475 804 3540 de
837 3494 873 3540 en
900 3492 932 3538 re
957 3475 1158 3551 loquuntur.

235 3588 404 3655 Austrirci
431 3579 605 3670 vero'prae
632 3593 661 3658 se
704 3590 814 3656 serunt
840 3585 993 3672 gaudium
1021 3600 1087 3647 cnm
1117 3581 1162 3647 ob

234 3719 320 3782 rem,
345 3716 377 3767 et
402 3719 441 3765 ex
466 3718 501 3765 ea
530 3700 614 3782 sporn
639 3705 756 3768 bonam
784 3701 873 3782 pacis
908 3716 983 3763 cum
1016 3698 1158 3779 Suedis,

234 3814 331 3886 etiam
357 3813 545 3885 nolentlbus
573 3813 696 3884 Gallis.
758 3812 859 3884 iidem
893 3812 1067 3899 Austrioci
1101 3830 1162 3876 ose

1087 3936 1159 3990 ten·
1272 4013 1276 4023 Ι
