2834 4830
390 308 727 377 ,cersrotm
771 264 1043 384 tuentum.
1153 313 1193 394 tn

248 477 582 560 pus'Cantuariensrs
607 494 674 564 erat
702 478 873 546 damnatus
901 479 1035 562 capitis.
1082 480 1188 545 Octo·

252 590 357 656 decim
390 613 512 676 naves,
550 613 622 675 quae
654 576 1003 673 inamaricant,
1038 604 1141 674 captae
1169 612 1188 656 a

241 704 526 774 ‘Parlame'ntariim
592 706 795 772 Plimuthum
825 729 842 774 a
869 707 985 794 Regiis
1010 708 1183 790 premitur.

244 802 460 914 Montemsus
489 821 636 887 Scotiatn
659 837 770 889 vexat.
817 821 861 887 In.
876 821 1074 886 occidentali
1093 833 1184 903 parre

242 929 420 999 Britanniae
458 935 531 1001 Rex
570 936 667 1000 habet
703 935 814 999 decem
853 936 1024 1002 hominum
1068 933 1182 1007 millia.
1275 1005 1280 1013 ,

241 1041 388 1110 Induciae
421 1048 456 1111 iu
485 1049 553 1113 illis
588 1052 672 1114 locis
704 1052 830 1114 nullaes
882 1050 963 1115 Dux
984 1047 1133 1114 Carolus
1165 1065 1183 1107 a

220 1159 511 1252 'Centurionibus
538 1164 710 1230 nonnullis
733 1161 904 1228 deseritur.
950 1162 997 1228 Et
1021 1179 1061 1224 ex
1084 1160 1180 1222 Wat-

241 1285 315 1362 rena
340 1272 456 1352 Galli,
490 1295 530 1340 ex
562 1277 675 1342 Morta
705 1276 904 1361 Lutharingi
938 1272 1095 1339 excursus
1131 1269 1179 1336 fa·

240 1384 350 1455 ciunt.
416 1389 641 1457 Hibernorurn
669 1391 736 1458 duo
766 1391 869 1454 millia
898 1390 932 1453 in
964 1387 1181 1454 Brittanniam
1265 1430 1269 1440 .

237 1500 827 1584 Armorlcumadlencre,utGallim
849 1502 1003 1567 militent.
1028 1557 1031 1565 ,
1053 1476 1179 1585 Tingi,
1235 1582 1237 1587 y
1345 1584 1351 1595 ι

237 1614 320 1677 urbe
357 1615 595 1696 Mauritaniae,
641 1636 738 1700 quam
765 1616 955 1700 ‘Portugnlli
986 1627 1119 1696 tenent,
1163 1629 1181 1675 t

236 1724 370 1794 Mauris
393 1726 516 1795 vicinis
544 1745 796 1816 oppugnatur„
835 1731 923 1800 Sunt
944 1730 967 1794 ii
993 1723 1033 1793 ad
1053 1725 1179 1793 dunde-

222 1837 300 1928 ¹cim
326 1841 500 1917 equitum,
526 1843 751 1920 septemdecim
769 1843 918 1922 peditum
937 1843 1049 1904 millia.
1098 1841 1178 1903 His·

236 1948 336 2034 pani,
368 1951 425 2041 qui
453 1948 529 2015 sunt
557 1951 592 2016 in
620 1950 700 2044 urbe
729 1949 890 2018 Rosarum
919 1951 954 2016 in
985 1933 1184 2032 Catalania,
1295 1951 1297 1955 ’

236 2062 396 2131 dicuntur
424 2066 619 2148 praefectum
650 2066 765 2144 suum,
797 2083 908 2146 aquo
935 2063 1014 2129 dure
1040 2066 1175 2130 tractati

234 2193 350 2260 erant,
375 2178 547 2249 occidis'sc.
601 2181 659 2245 Bis
684 2181 769 2246 mille
793 2177 945 2245 Bavarici
969 2179 1089 2246 milites
1114 2179 1173 2245 sub

231 2293 376 2359 Iohanne
403 2295 553 2360 Waertio
581 2292 622 2358 ad
647 2291 859 2360 Hazfeldium
882 2308 976 2358 eunt.
1054 2295 1173 2359 Arcem

184 2397 195 2465 J
232 2393 460 2487 Rudclshcmii
497 2410 531 2472 in
572 2423 681 2473 tractu
721 2405 968 2475 Darmstadiensr
1013 2407 1173 2475 dicuntur

220 2507 326 2586 'carn
354 2524 437 2586 verre
466 2518 622 2585 obruere.

646 2745 753 2811 xri.
857 2682 920 2842 [⁰

284 2973 330 3040 u.
380 2969 630 3037 tonnuur
676 2962 1115 3038 oxnusrmnum.

272 3203 373 3269 Edita
396 3181 448 3266 est
476 3198 529 3265 in:
563 3197 656 3283 Hug.
682 3197 796 3265 Grotii
822 3195 1000 3278 Epistola.
1045 3197 1170 3266 Amlle·

232 3315 304 3381 lod.
334 3319 431 3397 1637.
455 3314 502 3381 11.
527 3332 654 3398 p.742.
680 3313 748 3379 ΝΟ.
771 3330 867 3394 1727.
