2834 4830
321 336 614 409 EPISTOLAE
658 335 931 423 INEDITAE.
970 432 974 437 .
1050 352 1090 419 29

83 482 88 487 “
162 511 216 576 hic
243 511 321 574 velit
345 510 484 573 sumere:
511 524 591 586 ques
625 525 679 568 rex
705 524 824 587 magnae
852 503 1027 569 Britanniae
1044 503 1089 567 ‘sit

161 625 371 688 exsoluturus
395 623 452 685 ubi
474 620 560 682 domi
584 638 693 701 pacem
716 620 886 698 habuerit,
912 617 1002 699 quod
1024 618 1094 699 ipse

161 739 208 800 ait
241 739 390 801 futurum
425 737 509 798 intra
544 733 663 797 menses
698 748 778 796 tresi
853 734 916 797 Sed
946 751 1091 818 magnam

162 848 247 930 spem
273 849 423 927 posuerat
453 850 486 911 in
524 848 610 929 Rege
639 847 772 924 Damae,
798 846 894 910 cuius
920 866 969 909 res
999 861 1094 911 nunc‘

68 979 72 985 ·
162 980 201 1022 eo
228 959 299 1025 sunt
326 964 423 1037 loco,
449 977 485 1023 ut
508 981 573 1024 non
596 958 636 1024 stt
654 961 683 1022 ei
707 961 812 1023 otium
840 962 942 1025 aliena
960 978 1109 1027 entare..

162 1073 199 1136 In
228 1076 347 1156 Anglia
374 1076 532 1159 Candidius
561 1089 592 1134 et
611 1093 684 1136 eum
712 1091 749 1132 eo
773 1074 849 1151 alii,
869 1073 976 1136 minus
1004 1071 1092 1154 apud

38 1174 81 1208 ”
161 1186 280 1266 Regem
299 1188 460 1250 ¹honorati
480 1206 575 1263 quam
596 1185 821 1264 speraverant,
846 1183 885 1246 ad
910 1184 1094 1248 Parlamen·
1193 1223 1199 1234 ·

161 1300 264 1361 terins
285 1297 447 1361 defecere:
473 1297 595 1362 crebris
625 1295 716 1359 utin
748 1295 841 1358 civili
870 1294 956 1358 bello
983 1311 1091 1361 trane·

161 1409 284 1489 furiis,
309 1408 362 1475 ait
383 1411 536 1474 Tacitus.
590 1408 818 1474 Hamiltonius
842 1423 873 1471 et
900 1411 993 1474 amici
1016 1391 1090 1478 eiut

162 1540 323 1606 putantur
365 1521 531 1598 collusisse
569 1543 644 1588 cum
692 1523 828 1602 Sentis,
875 1538 907 1587 et
943 1526 1027 1608 passi
1059 1526 1090 1591 se

163 1638 326 1716 damnari,
353 1655 410 1716 ιιι,
442 1657 480 1701 eo
506 1637 575 1721 ipio
602 1637 695 1701 fidem
716 1638 810 1699 'nacti
842 1639 930 1718 apud
949 1640 1089 1721 Regem,

162 1769 278 1815 areana
302 1752 374 1813 einr,
399 1753 618 1833 explorarent.
686 1751 773 1832 Papa
798 1749 885 1813 duos
910 1769 1018 1815 novos
1042 1748 1091 1815 fe-

164 1866 210 1922 cit
241 1864 455 1935 Carrinatem
504 1866 640 1920 aiterum
672 1864 823 1920 Batinum
860 1863 1091 1942 anencaeum

164 1971 297 2034 Gallum
323 1989 417 2052 genre
441 1970 497 2050 qui
522 1968 581 2051 ipsi
602 1969 742 2049 militat,
768 1972 903 2051 alterum
925 1973 1090 2041 Iesuitam.

166 2085 315 2147 sananda
338 2103 403 2145 nnn
437 2085 511 2146 vult
539 2083 611 2146 suns
643 2102 693 2148 res
716 2084 833 2149 Galliae
863 2087 1090 2169 committere,¹

164 2196 216 2259 sed
242 2197 307 2278 ipsa
329 2198 482 2291 per'suos
513 2201 567 2260 sua
592 2213 685 2279 agere
713 2197 747 2259 in
768 2213 935 2263 conventu
953 2200 1093 2267 Mones·
1135 2248 1138 2265 .

163 2307 302 2373 teriensr.
370 2309 556 2393 Episcopus
585 2309 766 2377 BefiIeensrs
808 2315 940 2379 tutelam
971 2315 1092 2397 impio·-

163 2442 212 2487 ιιι
242 2425 480 2487 Helvetiorum.
551 2425 628 2488 Dux
658 2424 833 2487 Bulionius
861 2427 1008 2493 obtinere
1034 2431 1088 2496 hie

165 2556 230 2597 nnn
261 2552 398 2613 potest,
426 2552 461 2598 ut
486 2552 641 2612 tanquam
662 2534 818 2617 Princeps
846 2538 977 2618 imperii
1006 2561 1092 2607 trac.

165 2663 266 2710 tetur.
335 2646 416 2728 Spes
460 2644 615 2710 faciendae
657 2647 805 2730 pecuniae
839 2649 892 2712 hic
938 2650 996 2716 sita
1040 2669 1092 2719 est

164 2761 197 2824 in
234 2761 331 2822 novis
362 2760 579 2840 dignitatibus
610 2761 771 2844 erigendis
802 2776 834 2825 et
875 2764 907 2827 in
939 2766 1091 2831 territan-

162 2875 234 2950 (ιιι,
272 2889 310 2939 ut
349 2888 465 2954 mngno
490 2873 518 2933 se
549 2874 727 2953 redimant,
765 2875 831 2954 iit,
859 2877 915 2956 qui
953 2881 1091 2957 pecuni-

81 2974 84 2983 ’
163 3004 198 3050 as
235 2986 384 3063 publicas
421 3001 616 3051 tractarunt.
666 2987 865 3053 Hareurtius
898 2990 932 3053 in
966 2991 1090 3073 'Anglia

163 3098 201 3162 de
238 3116 317 3178 pace
350 3099 434 3162 inter
465 3100 584 3184 Regem
616 3115 647 3163 et
688 3101 929 3165 Parlrmentum
967 3103 1089 3168 consti·

162 3214 281 3276 tuenda
320 3233 413 3295 poene
458 3194 656 3293 desperem,
698 3211 735 3274 de
784 3208 890 3274 federe
930 3229 1090 3279 renovari.

163 3323 207 3387 do
239 3345 272 3387 et
306 3326 551 3411 augendorum
579 3323 666 3408 Rege
690 3340 827 3390 acturus
853 3339 923 3406 est,
948 3342 985 3389 ut
1016 3327 1089 3410 qui·

162 3439 231 3505 dem
255 3441 309 3504 hic
336 3438 471 3504 dicitur.
538 3441 651 3516 Deus,
680 3437 900 3503 illustrissrme
926 3441 1089 3522 Domine,

163 3551 374 3616 Excellentiae
393 3554 519 3618 Vestrae
544 3555 596 3618 det
616 3553 723 3617 omnia
739 3570 909 3635 prospera.
945 3554 1089 3621 Lutetiae

165 3656 230 3806 {H
252 3691 393 3759 ianuarii
415 3697 653 3759 cmmcxntv.
789 3695 874 3760 Exc,
896 3697 940 3759 V,

608 3809 760 3873 inservire
781 3805 1002 3887 paratissimus

738 3911 783 3974 H.
817 3911 964 3976 Gnorr
979 3930 1043 3976 ns.

1009 4003 1090 4069 ilis·
