2834 4830
333 355 629 426 saissonis
673 358 945 428 inanire.
1057 380 1100 446 ῃ

164 530 342 598 amicitiam
363 526 578 606 labefactare,
610 528 672 592 hos
703 542 809 593 autem
843 524 968 595 hostes'
989 528 1093 596 facere

164 647 274 730 Papae.
320 646 474 710 Attamen
497 661 535 706 ex
555 641 649 705 Italia
671 639 852 723 scribitur,
874 663 941 708 non
966 656 1095 721 tantum

165 762 228 823 tria
249 759 353 824 millia
378 757 515 821 militum
548 774 567 817 a
595 755 682 834 Papa
712 770 850 820 ventura
877 756 1102 838 Imperatori,

65 880 67 884 ’
164 869 218 934 sed
252 873 314 935 alia
346 884 500 950 praeterea
530 867 639 932 decem
671 869 773 933 millia
806 869 844 932 ab
877 869 950 934 aliis
988 869 1093 934 Italiae
1142 895 1145 900 ·

162 982 393 1067 Principibus,
418 984 580 1049 excitante
599 1002 684 1063 eos,
711 996 748 1046 ut
763 981 918 1068 credibile
935 996 1008 1061 est,
1029 982 1091 1053 Pa-

160 1116 218 1180 pa.
251 1139 255 1148 ·
283 1097 395 1161 Didici
423 1098 518 1159 etiam
544 1116 583 1160 ex
604 1098 648 1161 D.
670 1096 859 1177 Bryennio,
891 1094 1094 1159 Refidentetn

158 1222 321 1292 perpetuo
345 1209 483 1289 aliquem
507 1227 546 1271 ex
572 1209 682 1272 Gallia
708 1209 795 1291 apud
823 1208 980 1291 Reginam
1014 1225 1097 1271 nos·

161 1335 243 1391 tram
267 1319 440 1384 futurumt
469 1320 572 1383 videri
599 1336 704 1384 autem
734 1320 877 1400 primum
903 1319 999 1384 adid
1021 1338 1093 1382 mu·

156 1446 225 1499 nus'
239 1433 452 1498 exercendum
473 1432 545 1497 fore
562 1433 721 1496 Batonem
738 1433 925 1498 Rorteium.
972 1433 1017 1497 D.
1029 1433 1094 1498 Ce-

156 1547 293 1613 rilantes
318 1547 440 1612 aditum
466 1545 654 1627 postulavit
677 1545 715 1610 ad
734 1545 890 1630 Reginam
912 1545 1092 1630 Regentem

160 1672 191 1722 et
218 1658 375 1742 Reginam
391 1660 535 1743 Angliae.
582 1658 786 1740 Responsum
810 1659 838 1721 ei
858 1673 931 1736 est,
956 1655 1091 1722 missum

158 1792 231 1837 eum
259 1773 374 1836 adres
401 1773 567 1849 Danicas,
605 1775 712 1836 nullas
739 1771 824 1836 visas
853 1773 990 1850 literas,
1028 1769 1089 1853 qui

158 1883 188 1949 ei
201 1879 384 1946 Residentis
403 1896 522 1940 munus
541 1880 768 1959 imponerent,
800 1881 917 1957 quodsr
936 1880 970 1941 id
985 1882 1090 1960 esset,

158 2007 265 2060 tamen
298 2010 365 2056 non
397 1990 468 2055 eius
501 1989 567 2053 esse
601 2009 715 2074 agere,
741 2009 814 2070 quae
841 1994 968 2074 legatus
995 2013 1088 2077 agere
1188 2062 1191 2074 ,

156 2107 251 2172 velit.
328 2106 555 2170 Crucenacum
585 2103 730 2167 deditum
763 2104 950 2182 estGallis
976 2107 1088 2173 XXVI

111 2233 114 2245 '
154 2219 363 2288 Decembris.
432 2219 512 2282 Non
543 2218 624 2280 fecit
654 2237 716 2300 pro
748 2237 783 2280 ea
825 2237 896 2283 arce
933 2218 1089 2285 servanda

155 2355 227 2417 quae
251 2331 364 2414 potuit
394 2330 471 2396 Dux
496 2325 745 2414 Lotharingus,
770 2332 826 2410 qui
843 2333 1014 2414 equitatus
1036 2332 1087 2399 sui

153 2464 277 2530 partem
302 2443 400 2508 ferme
422 2445 553 2506 alteram
578 2441 662 2504 misit
679 2444 712 2505 in
733 2444 939 2511 Flandriam.'
976 2445 1090 2515 Glenii

114 2582 117 2592 ’
155 2561 261 2642 copiae
277 2573 391 2622 tenues
412 2555 602 2619 scribuntur
619 2553 686 2616 esse
708 2554 791 2644 inter
810 2559 1026 2622 Confluentes
1052 2573 1087 2623 et
1130 2569 1132 2572 ’

152 2672 397 2748 Aldernacurn‚
422 2668 474 2734 sed
492 2668 566 2733 inde
584 2669 744 2733 dicuntur
762 2669 806 2733 ire
824 2669 859 2733 in
877 2669 1086 2738 Iuliacensem

151 2804 284 2870 agrum:
333 2783 484 2848 Bavarici
517 2783 551 2846 in
577 2783 761 2848 Franconia
787 2779 943 2864 maxime,
963 2787 1084 2869 partim

152 2899 194 2964 ad
216 2897 344 2960 Hallam
363 2895 535 2959 suevicam
551 2908 584 2959 et
600 2899 798 2981 Augustam.
851 2899 1085 2965 Francotlralia

150 3009 200 3076 ita
225 3008 369 3090 undique
400 3009 541 3075 aGallis
566 3011 746 3092 premitur,
771 3027 809 3076 ut
835 3010 964 3075 tandem
983 3012 1015 3076 in
1033 3011 1085 3098 ip·

150 3121 260 3190 sorum
285 3140 399 3188 manus
428 3139 565 3189 ventura
591 3124 757 3188 credatur.
803 3122 1085 3194 ParsGallorum

149 3238 295 3318 hyberna
325 3238 420 3302 habet
451 3236 539 3321 a'pud
568 3237 811 3301 Trosbachium
844 3250 876 3300 et
900 3217 1083 3303 ssernocar·

149 3353 278 3417 tellum.
343 3349 530 3434 Audimus,
557 3350 749 3432 Imperatori
775 3350 871 3413 etiam
897 3350 1096 3420 concessant

57 3524 63 3532 .
149 3464 323 3548 pecuniam
348 3464 568 3545 aliquantam,
592 3483 632 3530 ex
645 3442 813 3530 fructibus
833 3464 996 3532 bonorum
1014 3469 1084 3533 Ee-

150 3576 428 3656 elesrasticorum‚
462 3577 495 3640 in
526 3596 625 3662 regno
657 3579 893 3664 Neapolitano.
960 3581 1083 3648 Gallos

154 3689 334 3768 quosdam,
365 3693 397 3755 in
421 3692 576 3774 hybernis
600 3692 708 3757 minus
733 3710 827 3758 caute
857 3695 888 3759 se
912 3709 1079 3778 tenenteS,

100 3817 103 3823 ·
150 3799 297 3886 Hispani
320 3803 399 3868 male
424 3807 587 3888 habuere,
610 3821 681 3872 tum
703 3806 738 3870 in
762 3805 931 3873 Catalauia
952 3809 1080 3892 tamin

1017 3916 1082 3983 lla·
