2834 4830
412 317 719 389 EPISTOLAE
747 320 1022 397 tuemur.
1106 344 1110 351 ’
1141 336 1182 401 aa

241 486 282 554 -in
308 485 479 555 Bisontina
508 503 559 554 est
582 488 728 572 regione.
772 491 851 557 Dux
870 489 1036 568 Carolus,
1063 506 1175 569 quam·

250 619 345 681 quam
370 620 439 668 non
456 601 572 694 desinit
595 603 648 666 hic
680 602 801 695 semper
816 617 963 682 tentare,
983 601 1090 684 siquid
1112 600 1176 671 ebi-

247 733 318 781 cete
344 715 470 798 possut,
494 714 617 780 dicitur
643 714 816 796 pecuniam
845 714 1007 803 accepisse
1031 735 1049 780 a
1071 715 1173 779 Rava-

245 827 350 904 ricis‚
391 827 483 912 (suut
513 843 618 894 autem
651 826 675 892 ii
709 828 742 891 in
770 826 955 894 Palatiuatu
996 829 1172 912 inferiore)

245 950 283 1001 ut
319 940 356 1002 ad
383 939 576 1023 Mosellam,
600 955 632 1006 et
659 940 734 1005 iude
767 940 807 1004 ad
832 943 982 1008 Rhenum
1013 944 1170 1020 veniens,

245 1047 321 1132 ipsus
349 1051 380 1115 se
405 1054 535 1137 iungat.
580 1055 757 1134 Germani,
787 1056 845 1134 qui
865 1059 1004 1120 multum
1029 1030 1171 1119 ostentis

243 1165 386 1229 tribuere
409 1165 534 1244 solent,
559 1166 679 1240 bellum
704 1165 834 1231 crudele
855 1168 890 1229 iu
915 1167 991 1230 istis
1018 1167 1171 1247 partibua

239 1274 313 1342 sore
337 1291 562 1362 augurantur,
585 1289 723 1357 propter
746 1289 891 1357 repertas
919 1277 1039 1342 Brettae
1067 1272 1177 1359 aquaa'

240 1385 550 1473 sanguinolentas.¹
582 1390 755 1471 Dicuntur
778 1391 896 1456 Bavari
923 1393 1068 1474 quinque
1098 1394 1171 1457 mil-

236 1503 283 1568 lia
317 1483 493 1569 saccorum¹
518 1503 674 1570 frumeuti
703 1505 743 1572 ad
774 1507 926 1569 alimenta
950 1504 1009 1570 sibi
1036 1525 1171 1590 compo·

236 1616 337 1683 rasse.
381 1617 461 1684 Pars
483 1637 597 1684 eorum
633 1621 689 1703 qui
719 1632 930 1685 excurrerant
958 1620 1039 1683 male
1065 1618 1170 1683 babiti

237 1747 256 1795 a
296 1730 384 1797 Rosa
425 1732 466 1798 ad
505 1733 889 1818 Coroniwiseuburgum.
957 1731 1167 1800 Proditionis

181 1841 187 1851 “
235 1842 410 1905 confilium
444 1840 635 1926 Uberlingae
668 1847 899 1923 deprehensum
932 1860 965 1910 et
999 1846 1166 1925 punitum.

236 1949 309 2037 Qui
327 1950 551 2017 Hohentwiiae
572 1951 756 2034 praefidium
779 1953 919 2033 babent,
938 1953 1012 2018 inde
1028 1953 1168 2038 egressi,

235 2081 359 2146 pecora
383 2084 400 2128 a
428 2065 529 2130 Cellae
555 2067 665 2148 portis
690 2067 879 2151 abegerunt.
925 2072 977 2135 Ex
999 2066 1092 2131 Italia
1112 2069 1169 2133 ha·

236 2177 374 2259 bemus,
397 2177 524 2243 venisse
549 2178 590 2243 ad
617 2178 738 2268 Papam
770 2174 822 2243 bis
853 2179 941 2243 mille
970 2178 1167 2258 Helvetios,

233 2291 460 2377 septingentos
480 2290 791 2357 deMonteserrato:
817 2290 942 2375 sperare
965 2306 1071 2357 autem
1091 2293 1171 2358 Rac-

236 2405 396 2484 bariuos,
427 2405 522 2471 brevi
543 2404 573 2470 se
603 2407 779 2472 habituros
806 2420 883 2471 tres
914 2407 1079 2478 exercitus
1108 2407 1168 2471 bo·

233 2535 321 2597 nos,
358 2518 528 2597 viterbii,
566 2517 727 2596 Perusiae,
757 2517 797 2580 ad
829 2520 1029 2587 Castellum:
1076 2521 1170 2587 Tus·

177 2712 181 2719 α
236 2626 296 2694 'cos
325 2610 431 2695 adhuc
457 2630 492 2694 in
523 2628 651 2697 obfidio
685 2630 849 2698 Cisternae
882 2628 1036 2694 versario
1065 2631 1168 2694 deser·
1214 2637 1217 2642 ’

232 2757 304 2809 tum
330 2758 436 2810 autem
467 2762 486 2808 a
518 2743 657 2823 Venetis
683 2741 844 2808 obsrdiunt
877 2742 991 2807 Lacus
1019 2740 1166 2814 obscuri.

231 2855 271 2922 Iu
296 2856 483 2939 Hispanico
517 2856 580 2922 fine
607 2858 720 2922 Motta
743 2856 986 2938 Odincurtius‚
1018 2877 1051 2921 re
1078 2858 1187 2940 nulla

154 2964 172 2971 ”
232 2982 387 3051 peracta,
417 2967 513 3035 rediit
531 2968 770 3051 Barcinonem‚
794 2970 1035 3051 distribuitque
1059 2971 1099 3034 in·
1122 2971 1167 3033 se·
1282 2948 1286 2955 ⁶

232 3082 288 3146 des
318 3080 505 3150 commodas
534 3083 690 3164 militem,
725 3098 905 3168 postquam
933 3083 1010 3148 hinc
1036 3098 1168 3163 centum

232 3192 335 3263 millia
378 3197 585 3264 scutatorum
623 3168 808 3276 acceperat.
885 3193 1166 3261 Francosurtensts

230 3294 429 3378 ⁸conventus
459 3312 615 3378 deliberat
642 3309 680 3374 de
702 3309 828 3374 iudicio
854 3307 995 3401 Spirensi
1027 3307 1170 3378 Franco·
1222 3375 1225 3387 ,

230 3420 360 3491 suctum
389 3424 671 3506 transmovendo‚
696 3423 734 3487 de
756 3440 817 3505 eo,
850 3422 942 3505 quod
973 3422 1197 3522 respondemx
1228 3419 1230 3424 ’

231 3521 309 3604 oum
337 3537 400 3603 erit
427 3537 538 3624 Regiae
563 3540 679 3604 Daniae
710 3536 804 3620 super
835 3537 970 3621 negotio
995 3534 1167 3614 Palatino,
1273 3598 1276 3603 ,
1320 3521 1328 3547 '

233 3663 267 3713 et
286 3651 367 3732 quid
383 3652 621 3738 Landgraviae‚
648 3632 731 3736 quae'
745 3651 851 3732 dicit,
873 3666 946 3716 ante
973 3670 1082 3732 pacem
1099 3648 1168 3713 suc·
1326 3643 1333 3651 ’

191 3828 195 3839 ,
236 3775 302 3830 tam
327 3782 395 3830 non
422 3767 520 3854 posse
544 3766 574 3833 se
600 3748 729 3834 causam
759 3766 847 3841 suam
875 3785 893 3832 a
920 3765 1019 3830 sociis
1036 3762 1169 3853 -distra

633 3879 684 3947 :li
708 3897 729 3956 a
875 3954 886 3965 ‘
911 3877 914 3883 '
1116 3873 1192 3936 he·-
