2834 4830
385 386 399 411 ,,.
430 322 723 478 ΜΤΟΜΕ
749 323 1050 437 'ttuu'utTAEc
1149 378 1201 456 'W

190 516 201 626 ¹¹
258 550 310 606 res
344 550 441 607 erunt
480 543 557 607 talis
593 539 740 621 consilii,
781 543 875 623 quale
905 537 1195 624 illest-Beaupuyue

248 632 601 743 ¹sconttu-Catdinalen't
622 655 830 729 Mazarinunr
856 644 1035 738 suscepisse
1058 653 1195 720 dieitur.
1273 709 1275 720 ,

254 767 328 853 ¹Qui
349 768 461 841 hie'iu
480 770 617 837 Bastilia
640 768 739 849 sunt,
764 769 861 834 ferme
885 745 1080 848 duodecim,
1106 769 1197 850 capti

254 879 292 945 in
313 881 415 962 hoc,¹
439 866 687 987 ugsseaufortii
712 882 849 947 consilia
872 874 1128 974 noscerentur,-
1144 883 1194 947 diu

250 1010 337 1080 cuut
362 1012 500 1076 omnes,
530 996 560 1061 se
592 997 630 1060 de
654 995 851 1062 Beauforriu
879 998 961 1063 nihil
990 996 1108 1075 scisse,
1139 997 1196 1063 sed'

250 1123 391 1195 rugatus
425 1109 677 1211 aBeaupuyo,
714 1126 751 1174 ut
784 1113 817 1175 in
847 1110 1045 1195 destgnatunr
1078 1112 1191 1175 locum

250 1220 399 1302 adessent
422 1243 497 1289 eum
521 1223 644 1319 armis,
667 1223 827 1290 creditum
851 1224 933 1304 fibi,
956 1243 995 1288 eo
1020 1223 1051 1288 se
1072 1224 1189 1289 vocari

249 1333 309 1399 ud
325 1333 586 1403 controversiam
615 1337 783 1419 aliquam,
839 1341 951 1419 quales
987 1339 1041 1405 hic
1075 1341 1188 1406 multae

247 1446 341 1517 iuter
360 1450 487 1515 nobiles
519 1449 705 1531 oriuntur,
729 1434 826 1517 armis
857 1438 1086 1520 definiendam.
1150 1450 1208 1519 Iu,

188 1598 207 1609 ··
247 1556 345 1633 ltalia
377 1562 471 1644 quod
507 1564 690 1631 cudebatur
725 1566 869 1644 foedus,
912 1566 952 1630 ad
971 1566 1189 1651 purgandam

246 1673 291 1742 ub
319 1674 419 1743 armis
453 1677 602 1740 externis
628 1677 779 1760 Italiam,
819 1679 978 1759 quiescit.
1055 1670 1206 1745 Tautua

243 1788 456 1866 ubique'eat
484 1807 502 1852 a
533 1787 634 1852 classe
668 1790 818 1854 Turcica
852 1805 1015 1870 metusa‘
1049 1807 1081 1855 et
1114 1791 1189 1857 Rex

243 1896 419 1979 Hispaniae
453 1881 561 1963 omnia
591 1896 658 1961 alia
685 1896 880 1978 'denudans,
916 1914 958 1964 ut.
980 1885 1185 1983 Portugallis

245 2025 280 2077 et
313 1992 481 2081 Catalauia
518 1997 719 2090 obsistat,
729 2012 862 2095 magnas
898 2012 953 2080 dat
988 2013 1112 2079 Turris
1149 2017 1185 2080 in

247 2125 432 2193 Calabriam
456 2138 513 2192 aut
539 2124 686 2196 Siciliam
710 2124 912 2198 occasiones.
960 2126 1032 2191 Rex
1051 2129 1184 2212 Magnae
1263 2199 1264 2203 ,

243 2238 431 2305 Britanniae
445 2220 511 2304 ltuc
534 2237 681 2321 scripsit,
707 2256 744 2304 ut
765 2240 1032 2324 reprensaliatum
1056 2243 1182 2322 literae,

244 2366 316 2434 quae
343 2352 426 2416 datae
449 2341 579 2416 fuerant
603 2364 725 2417 contra
746 2370 829 2433 eos,
863 2349 921 2436 qui
943 2349 1062 2419 Gallos
1088 2368 1182 2419 erant

241 2463 443 2550 depraedati,
463 2464 620 2529 'effectum
646 2441 740 2530 suurn
765 2467 928 2530 habeant.¹
964 2470 1011 2534 Et
1038 2465 1179 2534 habuere

181 2659 184 2664 ,
241 2581 276 2645 in
305 2578 472 2648 Britannia
491 2579 664 2643 Armorica
677 2598 692 2643 r.
718 2597 786 2642 nort
803 2579 878 2642 itern
897 2579 930 2641 iu
945 2570 1177 2659 Normannia,
1245 2638 1254 2650 x

240 2691 435 2780 impediente
460 2687 495 2758 id
519 2692 725 2779 Parlamentu
744 2691 1014 2775 Rothonragenfi.
1067 2693 1179 2758 Parla·

238 2786 338 2873 meliti
368 2820 476 2872 autem
502 2790 680 2888 Anglicaui
705 2809 826 2885 literae,
851 2821 967 2870 contra
993 2808 1051 2871 has
1081 2808 1178 2870 muli-

237 2918 350 2984 tiones
369 2916 522 2999 scriptae,
546 2935 585 2980 ne
604 2919 696 2983 lectae
716 2921 846 3000 quidem
867 2919 1015 2986 fuerunt.
1060 2922 1177 2984 Wam-

237 3033 318 3098 ninx
343 3046 491 3114 recepere
514 3031 756 3100 Parlautentarii
788 3037 897 3100 iidem.
968 3033 1177 3128 Schrosbur-

234 3138 312 3234 gum
336 3146 500 3229 retinent3
535 3145 794 3231 Gorini'copias
819 3147 1040 3211 disiecerunt:
1078 3166 1174 3228 cepe*

235 3274 316 3325 runt
337 3261 504 3327 machinas
529 3262 661 3341 XXVI,
700 3277 733 3325 et
759 3261 840 3326 alibi·
861 3280 968 3344 equoa
994 3260 1178 3359 sexaginta.¹

206 3400 208 3405 ·
235 3375 318 3464 Spes
343 3373 403 3438 ibi·
417 3377 516 3457 paria
536 3378 658 3442 nullae·-
716 3376 834 3461 Legati
854 3376 976 3441 Batavi
1005 3375 1176 3443 Oxoniam

232 3487 373 3554 iverant.
422 3488 588 3555 Sabranus
610 3491 729 3558 Galliae
751 3489 1104 3587 Resrdenmporatione
1128 3488 1173 3552 ari

232 3597 506 3668 Parlanrentlrios
530 3603 641 3669 habita
666 3619 703 3670 ut
729 3602 900 3686 colloquia
926 3603 1168 3697 instaurentur,
1273 3691 1274 3694 Ἴ

231 3710 316 3775 nihil
342 3710 487 3777 obtinuit
511 3715 666 3801 responsi.
733 3719 923 3799 Audimus,
958 3719 1048 3800 quod
1078 3727 1172 3779 antea

234 3822 489 3907 suspicabantur
517 3833 692 3907 nonnulli,
726 3830 958 3906 Valencaeum,
996 3821 1169 3907 antequam

612 4026 614 4029 Ι
680 3939 713 4007 G
1100 3939 1174 4006 Ru·
