2834 4830
381 347 385 356 =
415 321 711 397 marsanam
753 323 1017 396 rurnrrn.
1127 347 1174 415 ,a

246 493 302 564 Ex
332 494 620 582 Constantinopoli
642 496 761 576 literae,
789 496 851 564 fine
866 498 1010 581 ¹scriptae
1034 499 1178 581 Septem

246 608 315 674 bris
327 656 339 689 ,
351 611 523 690 nunciant,
535 612 746 679 Parthenium
758 655 770 691 ,
784 611 818 674 vi
829 613 976 692 pecuniae
987 617 1177 694 ,quaemad-

243 733 315 788 tum
340 724 373 788 in
392 727 449 790 illa
468 728 540 791 aula
562 725 670 803 valet,
696 717 862 790 demotum
885 745 902 790 a
921 702 1176 808 patriarchatu„
1213 800 1220 808 ,

177 917 179 920 y
244 826 419 918 relegatum
456 841 489 903 iu
524 838 661 904 insulam
688 832 873 918 Rhodum,
898 839 1035 908 suffecto
1062 842 1110 903 illi
1133 834 1215 905 ab*

243 960 312 1010 tero
352 951 545 1020 Parthenio¹
574 953 908 1035 Adrianopolitan0‚
951 955 1009 1036 qui
1044 952 1178 1018 Caluini

240 1057 409 1128 sententiis
439 1068 542 1131 affinis
575 1068 643 1131 esse
684 1067 853 1132 creditur:
908 1071 1049 1150 legatum
1075 1065 1179 1145 Impe-
1267 1118 1269 1123 .

210 1176 384 1256 natans,
404 1179 460 1259 qui
486 1180 533 1243 ibi
548 1195 638 1258 erat,
664 1202 852 1263 quanquam
877 1200 990 1263 magna
1022 1182 1177 1245 attulerat

238 1303 392 1367 munera,
423 1309 492 1353 uon
523 1295 663 1357 multum
693 1293 807 1373 posse:
855 1295 933 1374 plus
965 1294 1174 1360 auctoritatis
1216 1322 1221 1328 ·

133 1384 136 1389 ’
236 1397 309 1464 fore
331 1405 437 1487 legato
464 1423 481 1469 a
504 1403 655 1494 suedia,
677 1406 798 1472 etiamsr
829 1407 952 1488 absque
982 1407 1172 1477 muneribus

154 1592 155 1597 ἵ
230 1515 374 1580 veniret.
423 1516 487 1580 Sed
516 1515 626 1599 forte,
653 1541 725 1599 quae
755 1520 803 1598 ibi
826 1521 877 1604 agi
901 1520 1063 1604 possunt,
1089 1523 1174 1604 lega-

233 1637 294 1689 tus
316 1627 489 1709 Gallicus,
515 1630 578 1696 fine
603 1633 713 1697 labore
735 1650 768 1696 et
791 1633 900 1698 sumtu
916 1634 1171 1716 regniSuedici,
1256 1721 1261 1731 .

241 1737 321 1804 bene
343 1745 505 1825 expediet.
552 1746 654 1812 Venit
687 1747 726 1811 ad
757 1766 804 1815 me
838 1748 888 1811 his
916 1747 1032 1811 diebus
1056 1745 1175 1810 troni·

236 1867 300 1911 nus
325 1853 409 1913 Bato
439 1856 650 1928 Germanus,
683 1859 741 1931 qui
771 1860 806 1913 in
836 1861 973 1915 maxima
1003 1874 1053 1915 est
1084 1856 1173 1936 apud

235 1960 395 2046 Reginam
418 1964 548 2047 Angliae
571 1965 694 2048 gratia,
720 1983 779 2027 nec
810 1963 936 2031 minore
970 1984 1067 2047 quarn
1090 1967 1172 2031 Car-

234 2075 356 2141 dinalis
392 2054 589 2147 Mazarinus
621 2079 709 2158 apud
745 2077 905 2160 Reginam
934 2078 1068 2143 Galliae.
1138 2080 1171 2143 ls

233 2207 311 2253 cum
336 2190 374 2254 de
397 2192 494 2255 rebus
519 2191 723 2256 Britannicis
756 2193 859 2257 multa
888 2190 977 2270 apud
1000 2210 1048 2253 me
1072 2189 1172 2254 disse·
1227 2253 1229 2256 ,
1319 2172 1323 2178 ’

234 2301 381 2384 ruisset,
405 2304 486 2369 mihi
510 2323 579 2368 nou
603 2304 799 2388 incognita,
824 2301 910 2366 dixit
934 2322 1095 2369 rumorem
1120 2301 1172 2368 hic
1241 2286 1245 2292 ¹

236 2415 325 2496 esse,
358 2418 397 2481 de
429 2438 497 2498 quo
528 2432 560 2480 et
593 2417 658 2495 ipse
688 2419 874 2494 audieram,
907 2417 1045 2483 Scotum
1070 2434 1172 2496 quen·

235 2527 347 2593 dame
380 2530 500 2594 Suedia
529 2529 656 2592 venisse
680 2528 910 2604 Londinium,
945 2548 1018 2596 cum
1042 2529 1172 2597 manda·

149 2688 150 2692 η
234 2643 281 2706 tis
304 2642 445 2708 faciendi
459 2642 578 2706 federis
593 2662 668 2709 cum
691 2639 972 2716 Parlamentariis',
996 2639 1035 2702 ad
1059 2657 1171 2703 arcen-

135 2812 146 2847 ·.
231 2757 309 2824 dum
326 2736 595 2837 inferendumque
613 2757 746 2821 bellum.
793 2752 962 2834 Respondi
979 2752 1029 2831 ei,
1055 2772 1101 2815 tue
1120 2752 1168 2817 ni·

231 2872 281 2935 hii
303 2870 419 2933 habere
445 2869 482 2930 de
510 2887 545 2933 ea
574 2888 606 2932 re
636 2882 865 2950 compertum,
891 2867 1062 2944 sed,cuu1
1090 2867 1169 2930 Sue-

232 2981 286 3044 dia
319 2980 445 3047 causam
470 2997 563 3047 curet
592 2992 796 3046 communem
820 2978 983 3045 libertatis
1011 2996 1168 3041 continer-

230 3098 382 3177 ciorum,
407 3116 474 3162 uon
498 3098 691 3162 miraturum
716 3072 786 3170 me,
820 3094 863 3168 fi,
887 3090 969 3154 ficut
992 3090 1107 3156 Batavi
1124 3090 1168 3157 ad

232 3229 296 3278 tam
335 3211 469 3298 gloriosi
509 3211 636 3279 consilii
676 3209 861 3275 societatem
900 3205 1031 3270 invitati
1068 3205 1163 3282 sunt,

231 3344 300 3390 uon
334 3327 518 3394 sarebona
549 3327 602 3410 spe
633 3322 824 3400 iuccessns,
859 3319 954 3384 etiam
982 3317 1167 3381 invitentur

229 3441 355 3525 Angii;
389 3455 424 3504 et
455 3461 527 3505 cum
559 3442 636 3506 mari
666 3456 754 3503 nunc
789 3437 865 3516 plus
902 3430 1026 3514 perssrnt
1056 3431 1164 3495 Paria-

232 3555 400 3633 mentarii,
427 3565 522 3636 quam
544 3574 620 3636 pars
642 3554 726 3636 Regi
751 3550 940 3625 adhaerens,
966 3545 1032 3610 fieri
1047 3543 1162 3624 posse,

232 3682 271 3730 ut
302 3668 342 3730 ad
373 3687 429 3732 eos
456 3669 548 3735 istud
576 3669 744 3752 negotium
769 3663 1016 3748 expendendum
1046 3657 1166 3721 defera-

208 3792 301 3846 tur.
348 3779 473 3862 Quodsi
496 3803 608 3850 vetum
630 3782 671 3846 fit
695 3781 750 3861 id,
776 3779 867 3862 quud
893 3774 1020 3855 Regina
1033 3768 1161 3947 Regceru
1234 3844 1239 3857 Ι

457 3888 464 3899 “
653 3889 683 3959 E
705 3908 727 3972 a
1121 3880 1166 3946 al·
