2834 4830
667 348 786 436 (¹)

257 517 332 591 aiilt
352 536 392 586 ex
419 515 552 584 indiciis
570 517 786 601 probabiliter
801 517 878 585 ratis
897 519 936 595 de
952 536 988 590 ea
1006 507 1190 595 existimari

255 650 382 718 potest.
430 631 573 698 Videtur
589 651 701 716 nempe
723 636 799 700 haec
817 636 1044 716 Epistularum
1066 643 1190 705 collec-

252 750 302 814 tio
320 746 597 812 exOxenstiernae
620 747 794 813 hereditate
813 746 968 833 superstes
988 754 1070 817 esl'e.
1100 754 1186 819 Nam

253 879 335 942 quac
358 861 470 926 Grotii
502 861 676 942 Epistulae
703 864 880 946 leguntur,
903 880 975 940 eae,
1002 882 1119 949 utpote
1149 864 1191 934 ad

250 973 493 1039 Oxenstiernam
512 975 736 1055 detrahendae,
760 976 964 1042 authenticae
982 975 1055 1041 sunt
1075 992 1106 1042 et
1133 979 1185 1044 ni-

248 1088 316 1152 tide
336 1088 488 1168 scriptae.
552 1085 645 1168 Quae
672 1106 749 1151 veto
778 1089 852 1151 suot
878 1090 1051 1170 Epistulae
1073 1092 1185 1159 Oxen·

246 1196 401 1276 llietnae,
426 1215 478 1260 eae
497 1196 724 1276 Epistularum
744 1197 983 1264 scribendarum
1015 1203 1089 1266 sunt
1114 1219 1184 1269 tett-

249 1311 370 1375 tamiua
389 1323 420 1373 et
442 1310 610 1392 pericula,
636 1312 742 1376 minus
773 1328 945 1391 accurate,
970 1326 1008 1377 ut
1024 1312 1084 1393 fit,
1104 1334 1186 1380 con.

246 1422 392 1506 scripta,
429 1442 494 1487 non
522 1442 600 1488 vero
629 1425 800 1506 Epistulae
828 1425 868 1492 ad
898 1422 1021 1507 ipsum,
1050 1427 1105 1494 cui
1133 1429 1184 1496 in·

244 1536 508 1620 scriptulum,
533 1537 749 1604 depellendae.

286 1652 332 1719 Et
358 1654 433 1726 hacc
462 1652 590 1736 quidem
617 1655 789 1718 hactenus.
858 1651 948 1720 Num
971 1653 1050 1719 haec
1080 1653 1183 1747 editio

190 1814 192 1819 -
242 1780 363 1832 novam
400 1763 569 1846 quamdam
603 1767 724 1850 gloriae
757 1780 789 1831 et
820 1767 928 1834 laudis
962 1766 1181 1837 accessionem

241 1877 492 1958 incomparabili
541 1889 661 1940 nostro
703 1879 829 1944 Grotio
884 1884 1073 1960 praebitura
1118 1880 1181 1961 iit,

239 2005 483 2056 nostrumnon
509 2004 560 2053 est
586 1989 744 2057 iudicare.
793 1988 890 2068 Hoc,
920 1990 952 2054 ni
978 1989 1101 2071 fallor,
1126 1994 1179 2058 lu·

238 2105 387 2170 cuienter
413 2116 578 2162 testantur
596 2104 794 2179 Epistulae,
820 2078 905 2183 quae
924 2123 1010 2167 nunc
1036 2106 1180 2183 primum

236 2215 272 2281 in
298 2214 403 2276 lucem
429 2211 618 2291 prodeunt,
663 2210 822 2277 Grotium
849 2225 1010 2295 tamquam
1038 2215 1180 2297 legatum

237 2326 413 2394 soecicum
433 2323 479 2388 ¹in
515 2322 665 2405 politicis
696 2337 728 2388 et
765 2323 990 2407 diplomaticis
1018 2328 1179 2413 ⁴negotiis

235 2438 457 2525 procurandis
483 2437 635 2503 summam
657 2437 840 2520 prodidisse
865 2453 897 2504 et
921 2442 1119 2524 probitatem
1138 2453 1177 2508 et

234 2553 443 2640 prudentiam
465 2565 496 2616 et
523 2551 700 2614 solertiam.
765 2551 844 2618 Non
869 2553 1057 2637 ignoraturus
1085 2548 1173 2619 fuls-

232 2667 288 2744 se,
310 2671 366 2746 qui
390 2659 647 2739 contenderent,
667 2658 849 2741 Grotium,
872 2664 1023 2729 Lutetiae
1033 2665 1177 2730 Parilia·

233 2797 306 2844 rum
332 2778 364 2841 in
390 2775 552 2863 legatione
580 2774 767 2858 degentem,
793 2774 851 2839 luo
874 2778 975 2861 magia
1000 2777 1172 2865 indulsisse

230 2895 398 2960 literarum
427 2904 459 2956 et
487 2888 695 2972 antiquitatis
723 2888 851 2969 studio,
885 2909 982 2971 quam
1010 2892 1102 2976 quoti
1126 2894 1172 2958 ie·

231 3008 298 3094 gari
329 3004 602 3072 muneresedulo
637 3016 674 3065 ac
698 2999 870 3084 diligenter
898 3002 979 3066 esset
1012 3005 1168 3073 iunctus.

232 3122 296 3190 Sed
318 3124 413 3206 longe
439 3120 532 3181 aliter
561 3116 591 3179 se
617 3131 681 3179 rem
705 3112 877 3194 habuisse,
900 3133 998 3196 arque
1023 3118 1071 3181 iili
1094 3119 1172 3202 'opiu

230 3253 371 3313 nantur,
398 3247 437 3295 ex
462 3228 515 3294 his
541 3227 637 3292 etiam
663 3227 831 3311 Epistolis
854 3227 982 3293 abunde
1014 3246 1164 3314 apparet.

272 3368 396 3458 scripsi
418 3368 649 3438 Amstelodami
672 3371 775 3438 meuse
792 3370 883 3437 Maio
904 3388 1159 3440 maecenates

755 3573 792 3632 C.
812 3574 848 3632 Α.
878 3573 940 3632 DE
952 3573 980 3631 N
1007 3570 1035 3632 Τ
1045 3573 1065 3632 Ε
1075 3573 1112 3633 ll.

703 3672 826 3737 instituti
845 3675 915 3749 regii
936 3676 1047 3750 belgici
1066 3675 1166 3736 tertiae

810 3777 897 3839 Claasr
911 3780 949 3839 'ab
968 3781 1049 3843 aetla.
1067 3833 1072 3841 .

1085 3934 1165 4006 stl-
