<?xml version="1.0" encoding="UTF-8"?>
<!DOCTYPE html PUBLIC "-//W3C//DTD XHTML 1.0 Transitional//EN"
    "http://www.w3.org/TR/xhtml1/DTD/xhtml1-transitional.dtd">
<html xmlns="http://www.w3.org/1999/xhtml" xml:lang="en" lang="en">
 <head>
  <title>
</title>
<meta http-equiv="Content-Type" content="text/html;charset=utf-8" />
  <meta name='ocr-system' content='tesseract 3.04.00' />
  <meta name='ocr-capabilities' content='ocr_page ocr_carea ocr_par ocr_line ocrx_word'/>
</head>
<body>
  <div class='ocr_page' id='page_1' title='image "./hugonisgrotiiad00oxengoog_0105.png"; bbox 0 0 2834 4830; ppageno 0'>
   <div class='ocr_carea' id='block_1_1' title="bbox 320 320 1145 391">
    <p class='ocr_par' dir='ltr' id='par_1_1' title="bbox 320 320 1145 391">
     <span class='ocr_line' id='line_1_1' title="bbox 320 320 1145 391; baseline -0.007 -4"><span class='ocrx_word' id='word_1_1' title='bbox 320 320 366 387; x_wconf 68' lang='lat' dir='ltr'>dd</span> <span class='ocrx_word' id='word_1_2' title='bbox 459 321 800 390; x_wconf 82' lang='lat' dir='ltr'><strong>HUGONI&#39;S</strong></span> <span class='ocrx_word' id='word_1_3' title='bbox 845 321 1145 391; x_wconf 77' lang='lat' dir='ltr'>ouotrt.</span> 
     </span>
    </p>
   </div>
   <div class='ocr_carea' id='block_1_2' title="bbox 231 488 1269 1489">
    <p class='ocr_par' dir='ltr' id='par_1_2' title="bbox 231 488 1258 578">
     <span class='ocr_line' id='line_1_2' title="bbox 231 488 1258 578; baseline -0.002 -20"><span class='ocrx_word' id='word_1_4' title='bbox 231 528 235 537; x_wconf 93' lang='lat'><em>·</em></span> <span class='ocrx_word' id='word_1_5' title='bbox 323 500 430 558; x_wconf 79' lang='lat' dir='ltr'>t&#39;utorn</span> <span class='ocrx_word' id='word_1_6' title='bbox 457 491 782 576; x_wconf 77' lang='lat' dir='ltr'>Mogontitcensern,</span> <span class='ocrx_word' id='word_1_7' title='bbox 820 493 971 578; x_wconf 74' lang='lat' dir='ltr'><strong>benignis</strong></span> <span class='ocrx_word' id='word_1_8' title='bbox 1005 507 1038 558; x_wconf 86' lang='lat' dir='ltr'>et</span> <span class='ocrx_word' id='word_1_9' title='bbox 1073 495 1184 558; x_wconf 88' lang='lat' dir='ltr'>omnia</span> <span class='ocrx_word' id='word_1_10' title='bbox 1217 488 1258 559; x_wconf 85' lang='lat' dir='ltr'>td</span> 
     </span>
    </p>

    <p class='ocr_par' dir='ltr' id='par_1_3' title="bbox 296 604 1269 1489">
     <span class='ocr_line' id='line_1_3' title="bbox 296 604 1257 705; baseline -0.002 -32"><span class='ocrx_word' id='word_1_11' title='bbox 296 604 515 705; x_wconf 19' lang='lat' dir='ltr'>*dignitatem</span> <span class='ocrx_word' id='word_1_12' title='bbox 536 604 757 683; x_wconf 81' lang='lat' dir='ltr'>sustinendam</span> <span class='ocrx_word' id='word_1_13' title='bbox 782 605 960 695; x_wconf 83' lang='lat' dir='ltr'>necessaria</span> <span class='ocrx_word' id='word_1_14' title='bbox 983 607 1257 694; x_wconf 76' lang='lat' dir='ltr'>promittentibus</span> 
     </span>
     <span class='ocr_line' id='line_1_4' title="bbox 323 719 1262 802; baseline 0 -17"><span class='ocrx_word' id='word_1_15' title='bbox 323 719 453 802; x_wconf 72' lang='lat' dir='ltr'>literis,</span> <span class='ocrx_word' id='word_1_16' title='bbox 478 719 620 800; x_wconf 83' lang='lat' dir='ltr'>invitat,</span> <span class='ocrx_word' id='word_1_17' title='bbox 645 733 683 787; x_wconf 89' lang='lat' dir='ltr'>ut</span> <span class='ocrx_word' id='word_1_18' title='bbox 713 719 753 786; x_wconf 88' lang='lat' dir='ltr'>ad</span> <span class='ocrx_word' id='word_1_19' title='bbox 778 719 808 785; x_wconf 82' lang='lat' dir='ltr'>so</span> <span class='ocrx_word' id='word_1_20' title='bbox 837 721 969 802; x_wconf 89' lang='lat' dir='ltr'>veniat,</span> <span class='ocrx_word' id='word_1_21' title='bbox 992 721 1199 789; x_wconf 81' lang='lat' dir='ltr'>dissuadente</span> <span class='ocrx_word' id='word_1_22' title='bbox 1224 721 1262 786; x_wconf 91' lang='lat' dir='ltr'>id</span> 
     </span>
     <span class='ocr_line' id='line_1_5' title="bbox 326 829 1261 921; baseline -0.002 -21"><span class='ocrx_word' id='word_1_23' title='bbox 326 829 510 916; x_wconf 80' lang='lat' dir='ltr'>capituto,</span> <span class='ocrx_word' id='word_1_24' title='bbox 532 848 566 904; x_wconf 78' lang='lat' dir='ltr'>ot</span> <span class='ocrx_word' id='word_1_25' title='bbox 592 847 753 916; x_wconf 82' lang='lat' dir='ltr'>optante,</span> <span class='ocrx_word' id='word_1_26' title='bbox 776 848 816 900; x_wconf 90' lang='lat' dir='ltr'>ut</span> <span class='ocrx_word' id='word_1_27' title='bbox 832 835 980 903; x_wconf 88' lang='lat' dir='ltr'>Electori</span> <span class='ocrx_word' id='word_1_28' title='bbox 998 837 1123 921; x_wconf 79' lang='lat' dir='ltr'>sibique</span> <span class='ocrx_word' id='word_1_29' title='bbox 1141 836 1261 916; x_wconf 87' lang='lat' dir='ltr'>liceat,</span> 
     </span>
     <span class='ocr_line' id='line_1_6' title="bbox 325 945 1263 1043; baseline -0.001 -29"><span class='ocrx_word' id='word_1_30' title='bbox 325 945 499 1023; x_wconf 85' lang='lat' dir='ltr'>Gallorum</span> <span class='ocrx_word' id='word_1_31' title='bbox 532 949 693 1020; x_wconf 78' lang='lat' dir='ltr'>concessu</span> <span class='ocrx_word' id='word_1_32' title='bbox 725 968 743 1016; x_wconf 85' lang='lat' dir='ltr'>a</span> <span class='ocrx_word' id='word_1_33' title='bbox 776 950 854 1018; x_wconf 88' lang='lat' dir='ltr'>belli</span> <span class='ocrx_word' id='word_1_34' title='bbox 887 951 1017 1017; x_wconf 71' lang='lat' dir='ltr'>actibus</span> <span class='ocrx_word' id='word_1_35' title='bbox 1049 964 1081 1015; x_wconf 87' lang='lat' dir='ltr'>et</span> <span class='ocrx_word' id='word_1_36' title='bbox 1115 948 1263 1043; x_wconf 78' lang='lat' dir='ltr'>coniiiiio</span> 
     </span>
     <span class='ocr_line' id='line_1_7' title="bbox 322 1043 1264 1146; baseline -0.002 -15"><span class='ocrx_word' id='word_1_37' title='bbox 322 1059 511 1143; x_wconf 72' lang='lat' dir='ltr'>obstinerat</span> <span class='ocrx_word' id='word_1_38' title='bbox 538 1064 630 1144; x_wconf 90' lang='lat' dir='ltr'>quod</span> <span class='ocrx_word' id='word_1_39' title='bbox 658 1043 696 1131; x_wconf 80' lang='lat' dir='ltr'>ut</span> <span class='ocrx_word' id='word_1_40' title='bbox 719 1046 855 1130; x_wconf 77' lang='lat' dir='ltr'>facilius</span> <span class='ocrx_word' id='word_1_41' title='bbox 880 1066 1092 1146; x_wconf 86' lang='lat' dir='ltr'>obtineatur,</span> <span class='ocrx_word' id='word_1_42' title='bbox 1117 1063 1207 1129; x_wconf 88' lang='lat' dir='ltr'>dedit</span> <span class='ocrx_word' id='word_1_43' title='bbox 1232 1061 1264 1129; x_wconf 79' lang='lat' dir='ltr'>io</span> 
     </span>
     <span class='ocr_line' id='line_1_8' title="bbox 327 1174 1267 1257; baseline -0.003 -14"><span class='ocrx_word' id='word_1_44' title='bbox 327 1174 465 1243; x_wconf 76' lang='lat' dir='ltr'>Elector</span> <span class='ocrx_word' id='word_1_45' title='bbox 491 1175 624 1256; x_wconf 73' lang='lat' dir='ltr'>staua,</span> <span class='ocrx_word' id='word_1_46' title='bbox 648 1175 904 1244; x_wconf 83' lang='lat' dir='ltr'>Fttncofurtum</span> <span class='ocrx_word' id='word_1_47' title='bbox 930 1180 1093 1257; x_wconf 83' lang='lat' dir='ltr'>venturo,</span> <span class='ocrx_word' id='word_1_48' title='bbox 1117 1177 1183 1242; x_wconf 89' lang='lat' dir='ltr'>tuti</span> <span class='ocrx_word' id='word_1_49' title='bbox 1210 1175 1267 1241; x_wconf 92' lang='lat' dir='ltr'>iti·</span> 
     </span>
     <span class='ocr_line' id='line_1_9' title="bbox 328 1288 1268 1372; baseline -0.002 -17"><span class='ocrx_word' id='word_1_50' title='bbox 328 1288 416 1355; x_wconf 77' lang='lat' dir='ltr'>neris</span> <span class='ocrx_word' id='word_1_51' title='bbox 436 1288 562 1356; x_wconf 79' lang='lat' dir='ltr'>literar.</span> <span class='ocrx_word' id='word_1_52' title='bbox 608 1289 720 1356; x_wconf 88' lang='lat' dir='ltr'>Mittit</span> <span class='ocrx_word' id='word_1_53' title='bbox 739 1291 861 1356; x_wconf 83' lang='lat' dir='ltr'>civitas</span> <span class='ocrx_word' id='word_1_54' title='bbox 877 1290 1159 1362; x_wconf 80' lang='lat' dir='ltr'>Francoiurtensso</span> <span class='ocrx_word' id='word_1_55' title='bbox 1177 1289 1268 1372; x_wconf 85' lang='lat' dir='ltr'>Syn-</span> 
     </span>
     <span class='ocr_line' id='line_1_10' title="bbox 330 1402 1269 1489; baseline 0.002 -25"><span class='ocrx_word' id='word_1_56' title='bbox 330 1402 549 1474; x_wconf 79' lang='lat' dir='ltr'>dioumsuum</span> <span class='ocrx_word' id='word_1_57' title='bbox 574 1403 614 1474; x_wconf 84' lang='lat' dir='ltr'>td</span> <span class='ocrx_word' id='word_1_58' title='bbox 635 1405 729 1489; x_wconf 79' lang='lat' dir='ltr'>pacit</span> <span class='ocrx_word' id='word_1_59' title='bbox 752 1406 933 1488; x_wconf 85' lang='lat' dir='ltr'>colloquia.</span> <span class='ocrx_word' id='word_1_60' title='bbox 980 1405 1126 1487; x_wconf 81' lang='lat' dir='ltr'>Legatue</span> <span class='ocrx_word' id='word_1_61' title='bbox 1143 1403 1269 1485; x_wconf 79' lang='lat' dir='ltr'>Hispa·</span> 
     </span>
    </p>
   </div>
   <div class='ocr_carea' id='block_1_3' title="bbox 214 1498 1265 1602">
    <p class='ocr_par' dir='ltr' id='par_1_4' title="bbox 214 1498 1265 1602">
     <span class='ocr_line' id='line_1_11' title="bbox 214 1498 1265 1602; baseline -0.008 -18"><span class='ocrx_word' id='word_1_62' title='bbox 214 1498 216 1507; x_wconf 53' lang='grc'>’</span> <span class='ocrx_word' id='word_1_63' title='bbox 285 1554 289 1563; x_wconf 58' lang='lat'>2</span> <span class='ocrx_word' id='word_1_64' title='bbox 330 1516 394 1583; x_wconf 76' lang='lat' dir='ltr'>nim</span> <span class='ocrx_word' id='word_1_65' title='bbox 418 1520 524 1600; x_wconf 85' lang='lat' dir='ltr'>palam</span> <span class='ocrx_word' id='word_1_66' title='bbox 550 1517 703 1602; x_wconf 81' lang='lat' dir='ltr'>queritur</span> <span class='ocrx_word' id='word_1_67' title='bbox 727 1515 766 1580; x_wconf 82' lang='lat' dir='ltr'>do</span> <span class='ocrx_word' id='word_1_68' title='bbox 796 1512 890 1583; x_wconf 88' lang='lat' dir='ltr'>Duce</span> <span class='ocrx_word' id='word_1_69' title='bbox 916 1516 1065 1596; x_wconf 84' lang='lat' dir='ltr'>Bavato,</span> <span class='ocrx_word' id='word_1_70' title='bbox 1097 1514 1189 1596; x_wconf 88' lang='lat' dir='ltr'>quod</span> <span class='ocrx_word' id='word_1_71' title='bbox 1213 1514 1265 1593; x_wconf 83' lang='lat' dir='ltr'>ia,</span> 
     </span>
    </p>
   </div>
   <div class='ocr_carea' id='block_1_4' title="bbox 332 1623 1347 2740">
    <p class='ocr_par' dir='ltr' id='par_1_5' title="bbox 332 1623 1347 2740">
     <span class='ocr_line' id='line_1_12' title="bbox 332 1623 1307 1714; baseline -0.008 -16"><span class='ocrx_word' id='word_1_72' title='bbox 332 1646 406 1704; x_wconf 83' lang='lat' dir='ltr'>etant</span> <span class='ocrx_word' id='word_1_73' title='bbox 433 1631 525 1698; x_wconf 86' lang='lat' dir='ltr'>solus</span> <span class='ocrx_word' id='word_1_74' title='bbox 553 1632 596 1698; x_wconf 90' lang='lat' dir='ltr'>ob</span> <span class='ocrx_word' id='word_1_75' title='bbox 620 1631 675 1698; x_wconf 83' lang='lat' dir='ltr'>sua</span> <span class='ocrx_word' id='word_1_76' title='bbox 703 1631 877 1699; x_wconf 87' lang='lat' dir='ltr'>commoda</span> <span class='ocrx_word' id='word_1_77' title='bbox 904 1650 1016 1714; x_wconf 81' lang='lat' dir='ltr'>pacem</span> <span class='ocrx_word' id='word_1_78' title='bbox 1043 1631 1203 1695; x_wconf 79' lang='lat' dir='ltr'>hnctenua</span> <span class='ocrx_word' id='word_1_79' title='bbox 1230 1623 1270 1691; x_wconf 89' lang='lat' dir='ltr'>sst</span> <span class='ocrx_word' id='word_1_80' title='bbox 1301 1657 1307 1671; x_wconf 93' lang='lat'><strong>·</strong></span> 
     </span>
     <span class='ocr_line' id='line_1_13' title="bbox 333 1741 1273 1826; baseline -0.006 -15"><span class='ocrx_word' id='word_1_81' title='bbox 333 1756 504 1825; x_wconf 78' lang='lat' dir='ltr'>moratus,</span> <span class='ocrx_word' id='word_1_82' title='bbox 536 1762 625 1812; x_wconf 86' lang='lat' dir='ltr'>nunc</span> <span class='ocrx_word' id='word_1_83' title='bbox 651 1745 686 1812; x_wconf 90' lang='lat' dir='ltr'>in</span> <span class='ocrx_word' id='word_1_84' title='bbox 712 1762 831 1812; x_wconf 88' lang='lat' dir='ltr'>arcano</span> <span class='ocrx_word' id='word_1_85' title='bbox 853 1768 928 1825; x_wconf 76' lang='lat' dir='ltr'>aum</span> <span class='ocrx_word' id='word_1_86' title='bbox 954 1744 1063 1813; x_wconf 84' lang='lat' dir='ltr'>Gailio</span> <span class='ocrx_word' id='word_1_87' title='bbox 1092 1759 1180 1807; x_wconf 84' lang='lat' dir='ltr'>nova</span> <span class='ocrx_word' id='word_1_88' title='bbox 1204 1741 1273 1826; x_wconf 84' lang='lat' dir='ltr'>agi·</span> 
     </span>
     <span class='ocr_line' id='line_1_14' title="bbox 333 1853 1271 1937; baseline -0.006 -14"><span class='ocrx_word' id='word_1_89' title='bbox 333 1869 381 1923; x_wconf 88' lang='lat' dir='ltr'>tet</span> <span class='ocrx_word' id='word_1_90' title='bbox 404 1855 553 1931; x_wconf 74' lang='lat' dir='ltr'>oonsrlin,</span> <span class='ocrx_word' id='word_1_91' title='bbox 619 1859 702 1928; x_wconf 84' lang='lat' dir='ltr'>Erat</span> <span class='ocrx_word' id='word_1_92' title='bbox 728 1857 878 1923; x_wconf 79' lang='lat' dir='ltr'>Mettius</span> <span class='ocrx_word' id='word_1_93' title='bbox 902 1857 1033 1937; x_wconf 83' lang='lat' dir='ltr'>Hallae,</span> <span class='ocrx_word' id='word_1_94' title='bbox 1058 1853 1271 1936; x_wconf 81' lang='lat' dir='ltr'>Sporcitiua,</span> 
     </span>
     <span class='ocr_line' id='line_1_15' title="bbox 336 1968 1271 2056; baseline -0.001 -21"><span class='ocrx_word' id='word_1_95' title='bbox 336 1987 411 2036; x_wconf 89' lang='lat' dir='ltr'>cum</span> <span class='ocrx_word' id='word_1_96' title='bbox 430 1970 566 2054; x_wconf 84' lang='lat' dir='ltr'>equite,</span> <span class='ocrx_word' id='word_1_97' title='bbox 589 1968 622 2036; x_wconf 87' lang='lat' dir='ltr'>in</span> <span class='ocrx_word' id='word_1_98' title='bbox 643 1972 810 2056; x_wconf 84' lang='lat' dir='ltr'>superiore</span> <span class='ocrx_word' id='word_1_99' title='bbox 832 1972 1040 2053; x_wconf 80' lang='lat' dir='ltr'>Palatinatu,</span> <span class='ocrx_word' id='word_1_100' title='bbox 1065 1970 1120 2035; x_wconf 89' lang='lat' dir='ltr'>alii</span> <span class='ocrx_word' id='word_1_101' title='bbox 1142 1968 1271 2052; x_wconf 77' lang='lat' dir='ltr'>equitet</span> 
     </span>
     <span class='ocr_line' id='line_1_16' title="bbox 334 2084 1347 2173; baseline 0.002 -27"><span class='ocrx_word' id='word_1_102' title='bbox 334 2096 385 2148; x_wconf 88' lang='lat' dir='ltr'>ter</span> <span class='ocrx_word' id='word_1_103' title='bbox 407 2084 495 2154; x_wconf 84' lang='lat' dir='ltr'>millo</span> <span class='ocrx_word' id='word_1_104' title='bbox 517 2085 604 2169; x_wconf 87' lang='lat' dir='ltr'>apud</span> <span class='ocrx_word' id='word_1_105' title='bbox 630 2086 908 2173; x_wconf 79' lang='lat' dir='ltr'>Nuterobergam‚</span> <span class='ocrx_word' id='word_1_106' title='bbox 940 2086 1016 2168; x_wconf 88' lang='lat' dir='ltr'>equi</span> <span class='ocrx_word' id='word_1_107' title='bbox 1042 2098 1196 2168; x_wconf 83' lang='lat' dir='ltr'>praetenta</span> <span class='ocrx_word' id='word_1_108' title='bbox 1224 2093 1274 2148; x_wconf 82' lang='lat' dir='ltr'>ter</span> <span class='ocrx_word' id='word_1_109' title='bbox 1342 2115 1347 2126; x_wconf 94' lang='lat'><em>·</em></span> 
     </span>
     <span class='ocr_line' id='line_1_17' title="bbox 335 2196 1271 2291; baseline -0.002 -28"><span class='ocrx_word' id='word_1_110' title='bbox 335 2197 424 2263; x_wconf 86' lang='lat' dir='ltr'>mitte</span> <span class='ocrx_word' id='word_1_111' title='bbox 456 2218 474 2268; x_wconf 84' lang='lat' dir='ltr'>a</span> <span class='ocrx_word' id='word_1_112' title='bbox 503 2199 645 2273; x_wconf 77' lang='lat' dir='ltr'>subditis</span> <span class='ocrx_word' id='word_1_113' title='bbox 675 2201 817 2291; x_wconf 85' lang='lat' dir='ltr'>sumpti,</span> <span class='ocrx_word' id='word_1_114' title='bbox 850 2201 890 2264; x_wconf 83' lang='lat' dir='ltr'>ad</span> <span class='ocrx_word' id='word_1_115' title='bbox 924 2198 1101 2279; x_wconf 86' lang='lat' dir='ltr'>reparanda</span> <span class='ocrx_word' id='word_1_116' title='bbox 1136 2196 1271 2275; x_wconf 77' lang='lat' dir='ltr'>damna,</span> 
     </span>
     <span class='ocr_line' id='line_1_18' title="bbox 335 2302 1275 2391; baseline -0.004 -17"><span class='ocrx_word' id='word_1_117' title='bbox 335 2311 401 2374; x_wconf 80' lang='lat' dir='ltr'>hoo</span> <span class='ocrx_word' id='word_1_118' title='bbox 426 2327 512 2374; x_wconf 85' lang='lat' dir='ltr'>anno</span> <span class='ocrx_word' id='word_1_119' title='bbox 539 2308 648 2391; x_wconf 87' lang='lat' dir='ltr'>facta,</span> <span class='ocrx_word' id='word_1_120' title='bbox 685 2302 857 2391; x_wconf 83' lang='lat' dir='ltr'>sete&#39;requo</span> <span class='ocrx_word' id='word_1_121' title='bbox 889 2310 1029 2374; x_wconf 83' lang='lat' dir='ltr'>vetitum</span> <span class='ocrx_word' id='word_1_122' title='bbox 1061 2324 1168 2390; x_wconf 78' lang='lat' dir='ltr'>equos</span> <span class='ocrx_word' id='word_1_123' title='bbox 1188 2322 1275 2372; x_wconf 70' lang='lat' dir='ltr'>utre·</span> 
     </span>
     <span class='ocr_line' id='line_1_19' title="bbox 338 2419 1273 2505; baseline -0.002 -19"><span class='ocrx_word' id='word_1_124' title='bbox 338 2421 427 2493; x_wconf 75' lang='lat' dir='ltr'>here,</span> <span class='ocrx_word' id='word_1_125' title='bbox 472 2421 519 2488; x_wconf 88' lang='lat' dir='ltr'>D.</span> <span class='ocrx_word' id='word_1_126' title='bbox 540 2421 689 2489; x_wconf 87' lang='lat' dir='ltr'>Serviani</span> <span class='ocrx_word' id='word_1_127' title='bbox 710 2423 854 2505; x_wconf 84' lang='lat' dir='ltr'>epistola</span> <span class='ocrx_word' id='word_1_128' title='bbox 874 2425 958 2492; x_wconf 87' lang='lat' dir='ltr'>lecta</span> <span class='ocrx_word' id='word_1_129' title='bbox 982 2422 1063 2488; x_wconf 88' lang='lat' dir='ltr'>nihii</span> <span class='ocrx_word' id='word_1_130' title='bbox 1086 2419 1190 2487; x_wconf 87' lang='lat' dir='ltr'>adfert</span> <span class='ocrx_word' id='word_1_131' title='bbox 1212 2438 1273 2484; x_wconf 90' lang='lat' dir='ltr'>no·</span> 
     </span>
     <span class='ocr_line' id='line_1_20' title="bbox 338 2533 1276 2616; baseline 0.001 -19"><span class='ocrx_word' id='word_1_132' title='bbox 338 2534 387 2598; x_wconf 79' lang='lat' dir='ltr'>vi.</span> <span class='ocrx_word' id='word_1_133' title='bbox 432 2535 547 2616; x_wconf 81' lang='lat' dir='ltr'>Deus,</span> <span class='ocrx_word' id='word_1_134' title='bbox 570 2536 790 2606; x_wconf 83' lang='lat' dir='ltr'>Illusttiostmi</span> <span class='ocrx_word' id='word_1_135' title='bbox 808 2552 840 2603; x_wconf 88' lang='lat' dir='ltr'>et</span> <span class='ocrx_word' id='word_1_136' title='bbox 859 2535 1134 2605; x_wconf 84' lang='lat' dir='ltr'>Excellentissrmi</span> <span class='ocrx_word' id='word_1_137' title='bbox 1159 2533 1276 2603; x_wconf 86' lang='lat' dir='ltr'>Domi·</span> 
     </span>
     <span class='ocr_line' id='line_1_21' title="bbox 339 2647 1278 2740; baseline 0.001 -26"><span class='ocrx_word' id='word_1_138' title='bbox 339 2647 395 2730; x_wconf 90' lang='lat' dir='ltr'>ni,</span> <span class='ocrx_word' id='word_1_139' title='bbox 419 2648 637 2722; x_wconf 81' lang='lat' dir='ltr'>Excellentiis</span> <span class='ocrx_word' id='word_1_140' title='bbox 654 2652 786 2716; x_wconf 83' lang='lat' dir='ltr'>Vestris</span> <span class='ocrx_word' id='word_1_141' title='bbox 804 2651 984 2722; x_wconf 79' lang='lat' dir='ltr'>detonuit</span> <span class='ocrx_word' id='word_1_142' title='bbox 1001 2669 1176 2740; x_wconf 76' lang='lat' dir='ltr'>prospera·</span> <span class='ocrx_word' id='word_1_143' title='bbox 1204 2647 1278 2719; x_wconf 81' lang='lat' dir='ltr'>Lu·</span> 
     </span>
    </p>
   </div>
   <div class='ocr_carea' id='block_1_5' title="bbox 342 2754 983 2865">
    <p class='ocr_par' dir='ltr' id='par_1_6' title="bbox 342 2754 983 2865">
     <span class='ocr_line' id='line_1_22' title="bbox 342 2754 983 2865; baseline 0.011 -8"><span class='ocrx_word' id='word_1_144' title='bbox 342 2787 430 2858; x_wconf 73' lang='lat' dir='ltr'>tetiae</span> <span class='ocrx_word' id='word_1_145' title='bbox 468 2754 579 2835; x_wconf 52' lang='lat' dir='ltr'><em>Q</em></span> <span class='ocrx_word' id='word_1_146' title='bbox 593 2792 735 2864; x_wconf 77' lang='lat' dir='ltr'>ianuarii</span> <span class='ocrx_word' id='word_1_147' title='bbox 757 2798 983 2865; x_wconf 69' lang='lat' dir='ltr'>CiOiOCXLV.</span> 
     </span>
    </p>
   </div>
   <div class='ocr_carea' id='block_1_6' title="bbox 461 2857 1194 3126">
    <p class='ocr_par' dir='ltr' id='par_1_7' title="bbox 461 2857 1194 3126">
     <span class='ocr_line' id='line_1_23' title="bbox 461 2857 579 2916; baseline -0.017 0"><span class='ocrx_word' id='word_1_148' title='bbox 461 2857 579 2916; x_wconf 67' lang='lat' dir='ltr'>itttttt</span> 
     </span>
     <span class='ocr_line' id='line_1_24' title="bbox 781 2924 1156 2995; baseline -0.008 -1"><span class='ocrx_word' id='word_1_149' title='bbox 781 2925 1000 2995; x_wconf 81' lang='lat' dir='ltr'>Excellentiis</span> <span class='ocrx_word' id='word_1_150' title='bbox 1023 2924 1156 2992; x_wconf 74' lang='lat' dir='ltr'>Vestris</span> 
     </span>
     <span class='ocr_line' id='line_1_25' title="bbox 785 3039 1194 3126; baseline -0.007 -20"><span class='ocrx_word' id='word_1_151' title='bbox 785 3040 939 3106; x_wconf 83' lang='lat' dir='ltr'>inservire</span> <span class='ocrx_word' id='word_1_152' title='bbox 967 3039 1194 3126; x_wconf 80' lang='lat' dir='ltr'>paratissimus</span> 
     </span>
    </p>
   </div>
   <div class='ocr_carea' id='block_1_7' title="bbox 934 3153 1231 3226">
    <p class='ocr_par' dir='ltr' id='par_1_8' title="bbox 934 3153 1231 3226">
     <span class='ocr_line' id='line_1_26' title="bbox 934 3153 1231 3226; baseline -0.03 0"><span class='ocrx_word' id='word_1_153' title='bbox 934 3153 981 3226; x_wconf 85' lang='lat' dir='ltr'>H·</span> <span class='ocrx_word' id='word_1_154' title='bbox 1006 3153 1231 3221; x_wconf 74' lang='lat' dir='ltr'>Gnontus.</span> 
     </span>
    </p>
   </div>
   <div class='ocr_carea' id='block_1_8' title="bbox 280 3331 1280 3755">
    <p class='ocr_par' dir='ltr' id='par_1_9' title="bbox 280 3331 1280 3755">
     <span class='ocr_line' id='line_1_27' title="bbox 385 3331 1278 3421; baseline -0.009 -18"><span class='ocrx_word' id='word_1_155' title='bbox 385 3335 440 3404; x_wconf 79' lang='lat' dir='ltr'>tta</span> <span class='ocrx_word' id='word_1_156' title='bbox 464 3333 586 3418; x_wconf 81' lang='lat' dir='ltr'>Angiin</span> <span class='ocrx_word' id='word_1_157' title='bbox 605 3332 778 3416; x_wconf 82' lang='lat' dir='ltr'>audimus,</span> <span class='ocrx_word' id='word_1_158' title='bbox 802 3337 921 3421; x_wconf 78' lang='lat' dir='ltr'>uiginti</span> <span class='ocrx_word' id='word_1_159' title='bbox 943 3334 1013 3396; x_wconf 82' lang='lat' dir='ltr'>dies</span> <span class='ocrx_word' id='word_1_160' title='bbox 1038 3331 1214 3414; x_wconf 84' lang='lat' dir='ltr'>sumptos,</span> <span class='ocrx_word' id='word_1_161' title='bbox 1238 3345 1278 3397; x_wconf 83' lang='lat' dir='ltr'>ut</span> 
     </span>
     <span class='ocr_line' id='line_1_28' title="bbox 345 3446 1277 3536; baseline -0.002 -26"><span class='ocrx_word' id='word_1_162' title='bbox 345 3446 383 3511; x_wconf 80' lang='lat' dir='ltr'>do</span> <span class='ocrx_word' id='word_1_163' title='bbox 409 3464 489 3529; x_wconf 75' lang='lat' dir='ltr'>pact</span> <span class='ocrx_word' id='word_1_164' title='bbox 514 3462 630 3533; x_wconf 80' lang='lat' dir='ltr'>agatur</span> <span class='ocrx_word' id='word_1_165' title='bbox 652 3448 737 3516; x_wconf 87' lang='lat' dir='ltr'>inter</span> <span class='ocrx_word' id='word_1_166' title='bbox 757 3449 858 3536; x_wconf 85' lang='lat' dir='ltr'>Regis</span> <span class='ocrx_word' id='word_1_167' title='bbox 880 3449 1006 3534; x_wconf 76' lang='lat' dir='ltr'>legatos</span> <span class='ocrx_word' id='word_1_168' title='bbox 1026 3461 1059 3513; x_wconf 90' lang='lat' dir='ltr'>et</span> <span class='ocrx_word' id='word_1_169' title='bbox 1083 3465 1164 3525; x_wconf 84' lang='lat' dir='ltr'>eos,</span> <span class='ocrx_word' id='word_1_170' title='bbox 1188 3461 1277 3526; x_wconf 82' lang='lat' dir='ltr'>quoa</span> 
     </span>
     <span class='ocr_line' id='line_1_29' title="bbox 346 3555 1280 3649; baseline -0.004 -23"><span class='ocrx_word' id='word_1_171' title='bbox 346 3559 477 3631; x_wconf 78' lang='lat' dir='ltr'>mittent</span> <span class='ocrx_word' id='word_1_172' title='bbox 499 3561 742 3628; x_wconf 87' lang='lat' dir='ltr'>Pariamentarii</span> <span class='ocrx_word' id='word_1_173' title='bbox 767 3564 868 3649; x_wconf 78' lang='lat' dir='ltr'>Angli</span> <span class='ocrx_word' id='word_1_174' title='bbox 888 3577 921 3628; x_wconf 88' lang='lat' dir='ltr'>et</span> <span class='ocrx_word' id='word_1_175' title='bbox 949 3561 1063 3627; x_wconf 75' lang='lat' dir='ltr'>scotia</span> <span class='ocrx_word' id='word_1_176' title='bbox 1110 3555 1280 3641; x_wconf 78' lang='lat' dir='ltr'>pracipua</span> 
     </span>
     <span class='ocr_line' id='line_1_30' title="bbox 280 3670 1280 3755; baseline 0.002 -20"><span class='ocrx_word' id='word_1_177' title='bbox 280 3716 283 3727; x_wconf 84' lang='lat'><em>.</em></span> <span class='ocrx_word' id='word_1_178' title='bbox 344 3670 411 3735; x_wconf 79' lang='lat' dir='ltr'>esse</span> <span class='ocrx_word' id='word_1_179' title='bbox 433 3672 542 3755; x_wconf 73' lang='lat' dir='ltr'>cupita</span> <span class='ocrx_word' id='word_1_180' title='bbox 570 3671 608 3742; x_wconf 84' lang='lat' dir='ltr'>de</span> <span class='ocrx_word' id='word_1_181' title='bbox 634 3672 812 3755; x_wconf 85' lang='lat' dir='ltr'>reiigione,</span> <span class='ocrx_word' id='word_1_182' title='bbox 845 3675 884 3738; x_wconf 86' lang='lat' dir='ltr'>de</span> <span class='ocrx_word' id='word_1_183' title='bbox 909 3673 1086 3741; x_wconf 83' lang='lat' dir='ltr'>conatione</span> <span class='ocrx_word' id='word_1_184' title='bbox 1108 3689 1280 3737; x_wconf 83' lang='lat' dir='ltr'>munerum</span> 
     </span>
    </p>
   </div>
   <div class='ocr_carea' id='block_1_9' title="bbox 346 3782 1354 3989">
    <p class='ocr_par' dir='ltr' id='par_1_10' title="bbox 346 3782 1354 3989">
     <span class='ocr_line' id='line_1_31' title="bbox 346 3782 1298 3903; baseline -0.011 -45"><span class='ocrx_word' id='word_1_185' title='bbox 346 3784 559 3878; x_wconf 69' lang='lat' dir='ltr'>utilitatium,</span> <span class='ocrx_word' id='word_1_186' title='bbox 584 3786 622 3903; x_wconf 74' lang='lat' dir='ltr'>dt</span> <span class='ocrx_word' id='word_1_187' title='bbox 642 3785 729 3862; x_wconf 79' lang='lat' dir='ltr'>belin</span> <span class='ocrx_word' id='word_1_188' title='bbox 751 3785 786 3858; x_wconf 89' lang='lat' dir='ltr'>in</span> <span class='ocrx_word' id='word_1_189' title='bbox 812 3783 996 3861; x_wconf 73' lang='lat' dir='ltr'>Hibernos.</span> <span class='ocrx_word' id='word_1_190' title='bbox 1041 3782 1298 3877; x_wconf 79' lang='lat' dir='ltr'>Atthiepisco·‘</span> 
     </span>
     <span class='ocr_line' id='line_1_32' title="bbox 1216 3912 1354 3989; baseline -0.007 -29"><span class='ocrx_word' id='word_1_191' title='bbox 1216 3912 1281 3981; x_wconf 81' lang='lat' dir='ltr'>pua</span> <span class='ocrx_word' id='word_1_192' title='bbox 1350 3980 1354 3989; x_wconf 23' lang='grc' dir='ltr'><strong><em>Ι</em></strong></span> 
     </span>
    </p>
   </div>
   <div class='ocr_carea' id='block_1_10' title="bbox 0 0 1454 4830">
    <p class='ocr_par' dir='ltr' id='par_1_11' title="bbox 0 0 1454 4830">
     <span class='ocr_line' id='line_1_33' title="bbox 0 0 1454 4830; baseline 0 0"><span class='ocrx_word' id='word_1_193' title='bbox 0 0 1454 4830; x_wconf 95' lang='lat' dir='ltr'> </span> 
     </span>
    </p>
   </div>
  </div>
 </body>
</html>
