2834 4830
192 360 275 430 ‚70
368 302 1026 419 uuoomt'sonotrt

231 517 348 584 Galllae
382 518 464 586 dixit
490 520 535 587 D.
564 521 717 604 Garine,
747 525 853 607 legato
889 518 941 585 hic
977 514 1061 598 regis
1085 508 1155 575 An·

231 630 332 714 gliae,
357 650 458 718 regern
475 633 604 715 Angliae
622 636 814 717 participem
835 631 934 698 fuisse
948 646 1059 694 eorum
1079 639 1159 687 con·

228 741 401 827 filiorum,
422 766 494 828 qnae
513 747 545 812 itt
561 747 697 813 exitium
715 746 841 812 Suediae
858 765 876 810 a
894 747 1010 821 Dan0‚
1029 737 1160 804 Polono
1271 822 1282 833 .

230 870 266 920 et
288 857 483 925 Moseovita
500 859 652 943 suscepta
673 859 825 939 fuerant,
850 861 1005 922 neminem
1027 849 1164 916 miratu·

230 969 1165 1061 1mmmmmmmmmmummmm

230 1077 332 1160 suut,
356 1085 484 1154 curent:
531 1109 579 1154 me
601 1108 702 1170 vero,
726 1111 800 1156 cum
824 1087 861 1150 de
890 1082 965 1148 istis
989 1076 1086 1143 rebus
1113 1071 1165 1137 ni·

146 1282 148 1287 y
231 1191 282 1258 lril
315 1198 446 1264 habeam
482 1200 843 1281 certi,'scrips1sse.in
878 1193 1029 1260 Suediam
1061 1201 1092 1252 et
1124 1184 1165 1249 ad

232 1305 361 1388 legatos
388 1309 574 1392 Suedicos,
609 1326 647 1378 ut
669 1312 811 1376 certiora
838 1309 876 1372 de
900 1325 936 1371 ea
963 1324 996 1369 re
1023 1316 1166 1387 cognos-

233 1433 318 1484 cattr.
365 1422 418 1488 nd
446 1427 513 1490 lraec
538 1427 583 1491 D.
607 1424 790 1492 Germanus
820 1419 936 1497 adid,
965 1417 1055 1498 quod
1079 1415 1168 1477 dixe·

232 1547 365 1615 xeram,
389 1534 455 1600 dici
480 1536 600 1621 Regem
616 1537 743 1621 Angliae
768 1554 846 1601 cum
869 1530 1024 1597 hostibus
1040 1523 1166 1591 Suediae

138 1719 143 1731 ,
229 1641 292 1711 sua
316 1644 453 1712 sociasse
477 1649 633 1727 consilia,
658 1649 739 1713 nihil
763 1645 844 1710 terti
867 1640 1048 1727 respondit.
1093 1637 1168 1703 Cae·

235 1754 344 1821 teruirr
368 1759 535 1840 ostendit,
568 1761 693 1842 sperate
717 1759 746 1823 le
773 1757 881 1838 ut,sr
912 1754 993 1838 quid
1025 1765 1169 1833 cognos-

235 1864 324 1947 sem,
350 1868 506 1954 Reginam
526 1873 656 1955 Angliae
677 1870 840 1933 consciam
862 1869 1011 1931 facerem.
1068 1859 1171 1926 Vide·

234 1977 370 2060 bimus,
405 1983 485 2063 quid
508 1983 657 2047 effecturi
681 1980 742 2047 ssnt
765 1978 1018 2046 Richemontius
1047 1990 1080 2040 et
1106 1975 1169 2040 Su-

234 2094 490 2201 thamptotrius,
526 2117 544 2162 a
573 2097 661 2182 Rege
693 2094 777 2161 misll
803 2096 852 2175 ‚ad
876 2088 1170 2166 Parlamentarios,

231 2225 314 2273 eum
345 2209 443 2274 novis
473 2209 736 2272 conditionibus.
798 2208 932 2283 Credo,
958 2207 1043 2284 spem
1066 2204 1167 2284 Regis

237 2319 441 2398 potissimam
464 2317 530 2381 esse
556 2317 752 2399 pofitamlin
781 2318 833 2402 spe
857 2313 1088 2395 dissidiorum,
1119 2315 1168 2378 in-

236 2441 289 2492 ter
320 2431 468 2494 nationes
494 2430 624 2516 ingenio
652 2431 845 2513 discordes,
872 2431 1002 2514 Auglos
1032 2441 1064 2493 et
1086 2427 1169 2492 Sco·

236 2555 316 2621 toa,
353 2544 438 2608 inter
469 2545 614 2610 ordinem
639 2544 837 2611 Nobilitatis
868 2558 900 2609 et
922 2542 1055 2623 Plebis,
1086 2543 1170 2606 inter

236 2674 318 2736 eos,
343 2658 399 2742 qul
423 2656 613 2740 Episcopus
641 2671 673 2720 et
689 2673 829 2722 veterem
849 2657 1014 2738 liturgiam
1038 2669 1166 2733 amant,
1235 2672 1239 2679 ·

234 2785 268 2833 at
291 2789 370 2847 eos,
396 2771 452 2847 qul
470 2769 577 2835 omnia
597 2782 749 2850 quaerunt
775 2786 882 2847 nova,
907 2767 1086 2842 intereos,
1112 2765 1168 2844 qui

236 2898 352 2964 pacem
370 2879 457 2943 bello
479 2893 511 2944 et
534 2882 653 2948 bellum
675 2883 747 2968 paci
768 2880 961 2967 praeferunt.
1007 2877 1168 2958 Gaudeo,

238 2994 345 3065 litarla
370 3011 409 3058 ex
432 2992 564 3059 Batavis
586 3013 634 3058 me
651 2996 851 3080 intelligere,
876 2995 916 3059 ad
936 2994 1069 3060 meliora
1090 3011 1169 3057 con·

238 3104 310 3205 illia
336 3106 420 3173 verti
442 3107 537 3174 etiarn
560 3126 641 3190 eos,
665 3109 724 3190 qui
740 3110 874 3174 antehac
889 3106 1061 3186 obstitere,
1088 3124 1170 3187 quo·

240 3221 349 3296 minua
376 3239 411 3293 ea
434 3221 620 3302 respublica
645 3221 731 3288 viras
760 3221 832 3288 suas
860 3221 1071 3301 coniungeret
1097 3236 1169 3283 curn

242 3333 381 3412 Suedio,
406 3331 445 3398 ad
461 3349 545 3397 rnnre
563 3336 779 3417 compedibus
795 3331 933 3400 Danicis
953 3329 1166 3394 liberandum.

243 3444 323 3509 Non
344 3442 475 3509 cessabo
491 3447 647 3514 ventilare
663 3449 744 3512 hanc
765 3445 881 3510 facem.
938 3443 1083 3526 Brugius
1106 3442 1169 3506 huc
1221 3500 1224 3507 ,

243 3557 423 3628 aPolottla
446 3559 565 3637 redlit,
597 3563 715 3640 rebus,
746 3572 784 3624 ut
806 3558 951 3636 dicitur,
987 3553 1065 3616 bene
1090 3570 1169 3617 con-

242 3670 361 3741 fectlet
415 3689 432 3736 a
459 3669 655 3739 Matescallo
691 3670 924 3735 Totsterrsouio
953 3667 1168 3751 Avangurius

241 3786 383 3863 nuncios
412 3783 519 3858 fetens
555 3783 608 3856 bic
642 3794 827 3874 pergratos.
897 3783 1000 3866 Duo,
1030 3783 1087 3868 qui
1117 3799 1167 3847 rea

1094 3911 1165 3982 ege·
