2834 4830
403 330 702 411 rntsrotm
745 334 1020 426 ruentum.
1135 353 1179 424 ις
1260 344 1263 349 ·

286 507 427 576 Gaudeo
455 527 521 573 rem
556 506 722 572 Hassrcam
750 506 819 575 esse
843 506 885 581 in
919 505 1021 572 vado.
1091 508 1185 577 uasti

244 621 403 697 abeuntes
430 643 448 688 a
472 622 662 687 Guebriano
683 617 983 703 parum-absume,
1018 621 1101 704 quin
1124 622 1186 703 du,-

244 756 313 802 cem
339 737 498 803 Carolum
524 751 699 816 caperentr
743 754 856 816 cepere
884 735 1027 802 sarcinas
1053 735 1128 802 eius
1149 753 1184 805 et

245 851 353 915 ineis
386 849 486 914 ensem
520 870 539 913 a
570 849 659 936 Rege
681 850 802 919 Galliae
832 849 965 917 datum:
1009 849 1078 933 ipse
1105 852 1198 919 Dux'

247 964 391 1029 Carolus
420 964 611 1029 Wormatiae
640 983 729 1031 nunc
763 963 831 1037 esse
861 963 1012 1029 diciture
1075 963 1184 1043 copia

245 1062 316 1140 eius
329 1078 452 1142 iunctae
474 1097 548 1140 curn
567 1078 720 1140 Bovario.
766 1077 805 1141 In
817 1074 1085 1143 Francofurtenfi
1100 1095 1184 1139 con·

245 1207 371 1266 ventu,
403 1189 442 1251 ad
471 1189 700 1266 componenda
720 1208 758 1252 ea
790 1209 864 1270 quae
896 1184 1024 1251 diversa
1050 1187 1183 1272 Religio

241 1301 456 1364 controversa
486 1297 589 1377 fecit,
628 1299 768 1383 delegati
794 1299 870 1366 suut
905 1301 1062 1382 utrinque
1087 1299 1179 1366 deni.

242 1414 448 1495 Imperator,
482 1428 520 1476 ut
548 1413 723 1496 Principea
755 1430 789 1478 et
819 1414 976 1481 civitaten
1004 1429 1132 1480 avertat
1162 1433 1182 1480 a

242 1513 392 1593 consitio
415 1525 567 1590 mittendi
600 1528 641 1592 ad
673 1530 749 1594 loca
782 1543 973 1595 conventus
1007 1526 1046 1592 de
1079 1546 1179 1610 pace.

239 1641 324 1706 dicit
358 1642 387 1705 se
415 1641 609 1707 effecturum
633 1659 692 1723 per
713 1661 821 1727 equos
844 1639 1029 1724 diapoiitoa
1056 1657 1093 1706 ot
1117 1638 1180 1706 fin·

181 1774 187 1796 ·
241 1759 317 1840 gula
338 1755 451 1820 norint
469 1774 543 1836 quae
561 1770 714 1839 agantur.
775 1756 861 1821 Vult
883 1753 1180 1835 autemadipsum

243 1883 429 1932 conventus
461 1869 574 1926 locum
614 1869 771 1926 neminem
811 1869 900 1928 mitti
934 1868 994 1929 nisr
1032 1887 1050 1928 a
1083 1867 1113 1928 se
1146 1881 1182 1930 et

149 2020 151 2025 .
241 1978 484 2054 Eiectoribus‚
509 1972 561 2039 seri
587 1973 740 2040 civitates
763 1975 942 2058 potisfimae
972 1976 1006 2041 id
1037 1996 1105 2042 non
1130 1978 1181 2045 sa·

243 2092 288 2155 tis
313 2111 352 2154 ex
377 2111 409 2153 re
432 2090 488 2153 sua
514 2089 732 2154 arbitrantur.
768 2089 876 2154 ·Tum
906 2108 986 2154 vero
1011 2111 1087 2172 pars
1113 2112 1179 2157 ma·

239 2205 293 2270 ior
326 2203 514 2287 principum
547 2215 666 2266 contra
696 2201 814 2266 Bavari
848 2199 1038 2269 sententiam
1068 2205 1104 2269 in
1137 2223 1178 2269 eo

239 2317 378 2401 perstat,
404 2333 442 2381 ut
465 2315 561 2381 causa
585 2315 734 2382 Palatina
760 2316 794 2380 in
818 2317 897 2382 loco
922 2332 1112 2383 conuentus
1137 2319 1178 2383 de

239 2452 320 2515 pace
344 2447 519 2496 tractetur.
595 2431 767 2495 Dicuntur
789 2431 870 2495 male
892 2432 980 2498 inter
1003 2431 1033 2498 se
1054 2452 1179 2498 conve·

240 2545 310 2606 nire
337 2544 485 2607 Mettius
506 2557 538 2604 ct
557 2542 751 2621 Waertius3
798 2542 1088 2626 Mogontiacensta
1118 2567 1177 2612 au·

242 2671 304 2720 tem
334 2657 484 2736 polliceri
508 2654 755 2719 restitutionem
781 2654 892 2721 Ducis
918 2656 1108 2738 Zimrnerii;
1140 2659 1175 2726 in

235 2769 358 2853 Angiia
378 2769 420 2832 ab
445 2771 593 2835 exercitu
619 2767 722 2852 Regia
750 2785 885 2852 captum
915 2771 1076 2855 oppidum
1105 2774 1178 2841 wi·

237 2886 411 2959 chamum,
447 2883 548 2945 abeo
574 2883 724 2947 exercitu
749 2884 809 2967 qui
831 2886 919 2967 apud
942 2887 1100 2972 Reginam
1121 2906 1176 2959 eet

235 2982 492 3080 N‘ottingamum
516 2996 702 3080 oppidum
746 3015 779 3064 et
803 3019 822 3066 a
849 2999 1002 3067 Roberto
1022 3001 1175 3092 Principe

234 3109 447 3195 deprehensae
466 3126 686 3192 praetenturae
702 3112 845 3176 militum
860 3112 1077 3198 Parlamenti‚
1089 3122 1174 3185 mol·

235 3239 358 3306 rosque
374 3223 485 3291 factos
503 3227 674 3308 captivos.
720 3224 794 3292 Rex
816 3209 915 3293 offert
939 3226 1066 3296 veniam
1094 3232 1173 3299 Par·

178 3364 182 3373 ·
233 3337 457 3419 lamentator,
482 3339 534 3406 sed
556 3339 620 3407 soa
644 3340 832 3424 cognitioni
856 3340 997 3410 reservat
1019 3345 1170 3416 homines

232 3449 487 3534 septemdecim,
510 3456 544 3519 in
568 3457 694 3537 quibus
719 3453 848 3522 suntet
877 3457 927 3525 ilii
950 3461 1010 3542 qui
1034 3461 1170 3549 Reginae

231 3563 382 3631 sacellum
400 3567 579 3649 depredari
596 3570 685 3635 sunt.
723 3571 970 3643 Parlanrentarii
988 3597 1067 3644 vero
1084 3579 1169 3645 claa-

233 3674 500 3764 neutriusque,
535 3688 594 3750 hac
625 3706 658 3751 re
689 3687 878 3766 intellecta,
903 3710 1014 3772 pacem
1041 3708 1169 3755 omnem

229 3791 428 3873 repudiante
460 3814 494 3861 et
521 3801 632 3880 capita
658 3802 757 3868 xvu
784 3801 912 3868 Pimius
934 3821 955 3867 a
981 3802 1096 3871 Classe
1118 3805 1169 3869 in·

1121 3912 1170 3981 {e-
