2834 4830
349 314 393 379 aii
488 308 1143 390 trU,GONISGROT11

352 497 454 559 pum,
486 477 519 543 itt
549 477 617 541 dies
643 476 767 561 legatos
793 480 890 545 mauis
916 483 1082 567 magisque
1108 482 1273 569 deprimit.

248 621 252 629 ·
351 593 431 665 Dux
449 592 594 659 Carolus
610 591 663 656 hic
688 590 764 656 suot
782 591 888 673 misit,
907 612 943 661 ut
963 616 1020 679 per
1043 600 1156 671 ducem
1170 602 1274 665 Aure·

350 705 521 771 limiensem
539 725 589 770 res
609 705 681 770 suaa
704 722 894 789 componat.
951 710 1065 791 Dicit,
1084 710 1124 777 ad
1146 733 1181 777 ea
1202 733 1274 794 quae

352 837 391 882 cx
411 818 520 888 Gallia
547 817 576 883 ei
597 817 685 884 fuere
712 821 904 903 proposita,
928 843 993 887 nou
1017 826 1112 906 posse
1141 825 1169 890 se
1191 822 1297 893 arrua'

351 931 473 997 sumere
497 950 613 999 contra
628 935 858 1015 Imperatorem
883 951 914 1001 et
941 938 1136 1021 Imperium,
1161 960 1177 1003 a
1204 941 1276 1020 qui·

346 1046 409 1111 bus
439 1044 535 1110 feuda
565 1046 701 1126 habeat,
730 1048 825 1113 etiam
858 1065 973 1130 practer
1010 1051 1271 1137 Lothatiugiam.

347 1158 534 1239 Desiderat,
557 1158 775 1226 Marsriiacum
802 1160 859 1226 fibi
891 1162 1003 1243 reddi,
1041 1166 1162 1231 iudicia
1186 1187 1274 1231 exet·

349 1274 415 1339 ceri
442 1272 481 1335 ad
507 1271 616 1335 fanum
648 1271 762 1336 Saucti-
779 1272 956 1339 Michaelis
982 1276 1103 1355 pariter
1131 1280 1214 1363 tegis
1241 1294 1272 1343 et

348 1384 408 1451 suo
429 1386 580 1468 namiue3
614 1384 818 1451 Nanciacum
838 1383 895 1451 sibi
922 1388 1021 1453 itaut
1045 1405 1093 1454 est
1119 1384 1272 1473 restit'ui,

346 1502 405 1567 ubi
432 1518 495 1581 pax
527 1499 588 1562 erit
621 1497 720 1564 iacta.
785 1497 930 1563 Bararus
966 1500 1165 1586 itapacisci
1200 1508 1273 1571 vult

347 1632 422 1677 cum
446 1612 575 1692 Gallia,
600 1627 638 1677 ut
665 1613 703 1679 ab
734 1612 780 1677 eis
808 1628 908 1681 terras
941 1613 1013 1680 suas
1047 1617 1187 1681 intactas
1218 1621 1273 1683 ha-

346 1726 444 1805 beat,
482 1726 548 1807 ipse
571 1725 643 1792 suas
678 1726 791 1807 copias
827 1745 893 1791 uun
927 1725 1004 1793 smat
1040 1729 1084 1795 ire
1118 1730 1156 1795 ad
1193 1731 1273 1795 infc-

345 1840 477 1921 teudam
496 1844 560 1905 vim
580 1841 718 1917 Galliae3
745 1856 917 1917 caeterum,
943 1862 960 1904 a
979 1841 1186 1907 defendendis
1210 1843 1273 1909 lm·

343 1957 426 2039 perri
449 1954 544 2017 tertis
563 1972 628 2016 nou
652 1950 746 2033 posse
768 1950 862 2014 semet
880 1951 1063 2035 abstinere,
1089 1955 1270 2022 iuramento

345 2072 386 2133 ad
414 2069 447 2130 id
470 2067 663 2149 obligatum.
709 2063 823 2129 Audio
841 2064 1045 2131 cardinalem
1064 2066 1271 2135 Mazatinum

345 2201 452 2245 auteur
480 2182 620 2259 praebete
648 2177 699 2238 itis
729 2179 1002 2255 conditionibus,
1032 2200 1102 2243 tram
1136 2197 1168 2244 et
1196 2202 1271 2246 cum
1331 2190 1357 2215 ’“

343 2290 524 2359 Marssllaci
549 2286 706 2371 praefacto
734 2288 800 2367 egit
828 2307 866 2351 aa
895 2293 990 2365 veliet
1018 2310 1079 2371 pto
1109 2292 1164 2356 ilia
1189 2313 1272 2373 prae·

343 2403 471 2473 fectum
493 2403 645 2468 vicariam
672 2399 818 2481 accipere
843 2402 940 2467 Meti.
995 2404 1047 2468 lix
1073 2405 1270 2472 Francufur·

345 2534 383 2585 to
401 2518 581 2594 discimus,
602 2517 818 2581 vehementem
838 2514 883 2579 ibi
901 2515 967 2579 esse
981 2519 1271 2585 consternationem

344 2636 388 2701 ob
416 2631 634 2713 irruptionem
654 2643 845 2729 nostrorum
870 2631 902 2692 in
927 2630 1108 2697 Huli'atiam
1131 2649 1162 2699 et
1188 2635 1271 2701 vici·

343 2768 385 2813 aa
410 2750 500 2809 loca:
548 2738 708 2823 scripsisse
741 2758 941 2805 conventum
973 2744 1030 2825 qui
1071 2745 1116 2806 ibi
1150 2760 1200 2810 est
1231 2746 1269 2811 ad

342 2859 576 2943 Imperatorem
600 2875 661 2937 pro
681 2855 779 2921 vidua
793 2856 955 2922 Electrice
978 2856 1123 2922 Palatina
1141 2872 1171 2923 et
1188 2857 1270 2923 duce

345 2968 571 3042 Zirmuerensr:
620 2970 803 3034 Electorcm
834 2989 938 3035 autem
971 2972 1270 3059 Braudeburgicum

344 3086 518 3166 interesse,
553 3102 620 3165 quo
650 3084 756 3147 miuus
792 3083 892 3147 litera
927 3084 966 3147 ad
1004 3084 1122 3168 Regem
1156 3086 1267 3151 Duria

342 3204 580 3278 scriberentur,
621 3202 732 3281 quales
764 3196 910 3263 Bararus
951 3197 1130 3261 dictaverat
1164 3197 1196 3259 itt
1235 3216 1268 3263 re

333 3320 511 3385 imaum:
564 3324 595 3375 ct
636 3312 748 3376 ducem
791 3312 947 3377 Catulum
987 3325 1018 3371 et
1059 3307 1267 3377 Hazfcidium

343 3448 461 3513 magua
494 3445 533 3491 ex
572 3424 658 3511 agris
695 3426 846 3507 colligere
886 3422 1030 3501 tributa:
1088 3438 1197 3488 drutus
1230 3423 1268 3487 ab

343 3542 513 3625 Ilunguria
540 3539 731 3619 exi'ptctari.
785 3535 936 3601 Goriuus
965 3535 1092 3618 ungria
1120 3538 1268 3622 legatus,

344 3659 382 3720 de
410 3654 514 3721 federe
545 3667 678 3729 tacens,
710 3650 790 3713 nihil
814 3652 932 3731 quatit
960 3650 1069 3730 aliud,
1102 3671 1197 3735 quarn
1230 3667 1268 3718 ut

340 3770 451 3841 Gallia
483 3764 656 3833 iideiubeat
691 3782 752 3847 pro
780 3763 932 3845 pecuuiis
963 3781 1044 3845 quas
1076 3783 1093 3829 a
1125 3765 1266 3849 privatis

1220 3873 1274 3940 hic
