2834 4830
250 431 252 440 ,
356 348 504 426 EPIST.
528 368 576 419 aa
601 347 646 419 D.
673 343 1175 451 cunlanTnm.'1n

681 636 733 701 II.

306 828 312 840 ’
338 835 341 839 ’
410 841 656 907 Nourutasnnu
678 836 854 901 Donnnu!

284 987 412 1170 Quae
444 1066 548 1132 Dom.
577 1064 701 1130 Vestra
738 1084 796 1148 per
818 1050 934 1129 literas
965 1060 1040 1128 suas
1073 1061 1112 1126 de
1140 1064 1176 1130 d.
1206 1075 1212 1085 ’

236 1177 329 1329 ἐξ·
348 1208 506 1292 Aprilis,
532 1208 601 1272 heri
626 1208 692 1273 huc
721 1208 858 1288 allatas,
882 1204 981 1270 nobis
1003 1202 1177 1289 signicavit
1239 1216 1245 1228 '

236 1351 276 1414 de
303 1350 445 1430 Iesuita,
470 1350 527 1431 qui
543 1349 712 1415 Electoris
733 1348 879 1414 Bavarlae
901 1346 1033 1413 nomine
1055 1349 1176 1414 missus

235 1462 344 1529 fuerat
373 1466 414 1530 ad
445 1465 566 1529 Aulam
598 1463 782 1543 Gallicam,
816 1462 1176 1548 iamdiupromiscuia

234 1578 375 1641 aliorum
402 1579 595 1642 rumoribus
620 1579 677 1641 hic
702 1595 793 1642 erant
818 1580 978 1661 vulgata,
1012 1569 1178 1658 superiori

234 1707 315 1755 vero
342 1690 541 1755 hebdomade
574 1709 633 1771 per
663 1688 927 1754 Illustrissrmum
957 1692 1002 1755 D.
1036 1691 1180 1771 legatum

235 1802 444 1866 servientum
472 1804 572 1862 nobis
600 1805 724 1880 certius
753 1803 962 1862 confirmata.
1009 1801 1179 1879 Exposuit

238 1928 308 1979 tum
341 1910 440 1976 nobis
469 1911 514 1976 D.
535 1910 729 1980 Servientus
757 1908 909 1974 Bavarici
936 1908 1028 1974 illius
1054 1925 1179 1993 postu—

233 2028 364 2108 latum,
397 2025 578 2110 quodque,
608 2023 761 2088 consulta
788 2022 930 2105 primun
957 2023 1085 2109 Regina
1112 2024 1179 2090 Re·
1234 2046 1239 2055 ’

235 2155 354 2227 gente,
378 2142 424 2206 D.
445 2139 634 2208 Cardinalis
648 2137 864 2218 Mazarinus,
889 2137 923 2202 id
939 2138 979 2204 ad
998 2140 1073 2203 loca
1092 2152 1179 2205 trac·
1250 2213 1260 2221 ‚

233 2271 326 2321 tatus
355 2253 548 2318 universalis
572 2251 753 2332 remiserit,
787 2253 843 2315 hic
868 2251 1045 2318 nobiscum
1072 2253 1179 2335 inpri-

234 2368 297 2434 mis
329 2367 654 2445 communicantinm.
730 2364 930 2448 Interrogati
962 2384 1061 2452 ergo,
1094 2369 1177 2452 quid

155 2534 158 2539 .
233 2481 346 2545 nostri
374 2479 457 2542 esset
484 2454 634 2557 consilii,
673 2470 771 2557 snper
804 2475 980 2542 desiderata
1013 2501 1179 2549 armorum

236 2591 475 2658 Bavaricorum
493 2586 724 2672 suspensione,
738 2587 998 2672 depromsrmus,
1020 2593 1101 2673 quid
1117 2612 1178 2658 no·

235 2705 289 2771 bis
310 2686 499 2787 videretur,
524 2704 617 2780 nulli,
634 2703 846 2785 dubitantes,
872 2703 974 2786 quin,
1000 2725 1073 2786 quae
1096 2724 1179 2772 con·

235 2832 288 2885 tra
314 2821 411 2884 talem
437 2820 679 2883 neutralitatem
703 2817 925 2901 adduximus,
950 2819 1013 2885 rite
1040 2819 1081 2885 ad
1104 2821 1178 2886 Au·

234 2933 299 2995 lam
326 2928 523 2998 referantur.
583 2931 672 3018 Quia
702 2949 808 3000 tamen
838 2933 1024 3000 communis
1055 2933 1179 2998 caussa

235 3044 390 3112 interesse
420 3046 706 3131 existimavimus,
742 3050 922 3125 ut1eadem
954 3062 1005 3111 res
1041 3045 1178 3135 Reginae

232 3157 376 3245 Regenti
406 3177 438 3225 et
474 3164 670 3245 proceribus
704 3163 823 3228 Galliae
858 3147 1081 3228 innotesceret
1117 3180 1177 3245 per
1264 3160 1277 3208 '·

128 3291 134 3297 ·
231 3275 338 3343 Dom.
363 3277 536 3360 Vestram,
560 3279 651 3344 hisce
675 3277 775 3343 eidem
804 3273 1051 3363 significandum
1079 3277 1181 3345 duxi«

232 3391 331 3472 mus,
356 3395 510 3458 nonnihil
535 3393 723 3478 suspectum
749 3393 849 3457 nobis
869 3393 975 3458 videri
998 3394 1061 3460 laoc
1079 3386 1178 3462 Elec«

233 3506 319 3572 toris
336 3506 481 3572 Bavariae
501 3513 735 3592 postulatum,
772 3525 838 3572 non
864 3504 953 3593 quast
978 3511 1075 3576 nobis
1098 3511 1177 3572 ima·

235 3619 404 3705 gincmur,
438 3622 602 3706 Galliam,
633 3638 750 3689 contra
777 3621 959 3705 expressam
987 3620 1110 3692 federis
1131 3621 1179 3686 le·

236 3751 307 3816 gem
329 3745 362 3795 et
387 3744 439 3795 tot
463 3735 569 3803 factas
594 3736 728 3804 sincera*
758 3724 1007 3820 cooperationis
1042 3751 1174 3799 contes-
1207 3721 1214 3728 ’

236 3845 404 3928 tationes,
434 3849 667 3933 particularem
686 3851 829 3933 aliquam
847 3864 879 3916 et
902 3840 1088 3936 praeiudicii
1106 3849 1176 3928 ple-

1103 3979 1182 4030 nam*
