2834 4830
257 347 298 424 gn
390 327 1046 405 noooursouorrr

249 513 338 588 hnc,
387 517 420 570 et
455 503 527 587 spes
559 503 668 585 aliqua
704 503 771 569 esse
804 503 877 569 eius
913 504 1086 576 liberandae
1118 512 1178 596 per

152 623 158 636 ’
248 619 427 692 exereitum
441 617 505 686 XV
519 614 680 696 millium·
703 617 762 699 qui
785 631 835 681 est
855 619 914 684 sub
939 620 1050 691 Morta
1069 627 1175 694 Odin·
1231 674 1233 678 ψ

175 725 189 758 ’
249 735 378 806 turtio.
444 731 498 801 ud
522 729 765 801 Houentwiiarn
793 728 918 797 obfides
946 738 1099 822 utrinque
1124 742 1175 807 di·

158 828 162 842 ⁴
218 838 221 843 ¹
248 859 372 915 cuntur
399 844 538 927 redditis
570 843 681 914 exitus
705 844 780 909 inde
802 844 950 912 difficiles
974 850 1066 932 fieri3
1115 851 1176 918 Ba·

246 960 381 1028 varicus
410 960 579 1044 peditatus
606 936 755 1029 imminui
785 959 867 1028 fame
896 975 929 1026 et
963 952 1174 1050 transfugiis.

247 1076 285 1142 In
303 1074 399 1142 ltalia
416 1073 506 1141 Galli
528 1072 686 1141 dicuntur
708 1052 846 1158 Spinutn
864 1092 1076 1162 oppugnare:
1103 1098 1177 1146 etun

246 1188 381 1270 locum,
416 1189 506 1267 quod
539 1201 684 1251 tutamen
709 1187 748 1252 srt
768 1189 913 1267 Finaiis‚
935 1206 1070 1256 auctum
1093 1212 1176 1273 prae·

246 1297 329 1370 fidia
360 1296 448 1362 mirre
477 1296 647 1362 hominnm
679 1296 718 1362 ab
748 1297 932 1382 Hispanis3
981 1300 1176 1370 Semunliern

242 1426 323 1476 uero
358 1409 444 1475 mille
475 1410 646 1476 Germanis
679 1424 711 1475 et
746 1412 934 1496 quingentis
965 1435 1038 1480 cunr
1068 1417 1175 1482 multo
1219 1422 1221 1426 '

29 1568 30 1575 κ
139 1613 141 1618 .
241 1525 338 1591 nictu
361 1539 394 1588 et
424 1520 501 1586 beili
531 1537 660 1608 paratu.
732 1522 892 1606 Princeps
918 1522 1064 1590 Thomas
1090 1525 1175 1592 nihii

241 1638 375 1702 videtne
403 1637 468 1703 hoc
503 1655 588 1700 antro
620 1634 771 1702 facturus
810 1636 938 1721 magui,
983 1654 1172 1720 quanquam

237 1762 345 1816 manet
377 1746 483 1814 adnue
515 1764 650 1828 rumor,
691 1744 829 1812 obsideri
864 1749 901 1812 ab
932 1768 971 1815 eo
1007 1752 1173 1820 Aronanna
1211 1776 1216 1790 ·

238 1860 387 1929 Helvetii
418 1860 451 1924 in
476 1859 630 1922 omnibus
659 1860 843 1920 hierenus
876 1861 953 1924 iaris
985 1864 1015 1925 se
1044 1863 1171 1930 medios

239 1987 371 2060 gerunt.
419 1970 572 2039 Caesareae
591 1968 849 2049 Mauritanicae‚
875 1991 947 2052 quae
968 1975 1101 2060 Algenia
1123 1977 1174 2042 di·

241 2089 352 2169 nitur,
377 2083 572 2170 praedones,
598 2100 696 2148 naves
724 2083 852 2175 aliquot
880 2087 1025 2168 eripuere
1050 2089 1173 2175 Hispa·

236 2202 303 2267 nis.
335 2183 504 2265 Elbovius
528 2217 602 2261 cum
626 2199 691 2258 levi
714 2215 810 2260 manu
838 2201 926 2280 apud
942 2201 1076 2267 Guisam
1104 2219 1169 2271 est.

238 2309 423 2380 Grnnceius
445 2305 628 2389 praeficitur
651 2305 874 2390 Grauelingae.
943 2307 1031 2392 Inter
1058 2312 1170 2378 Milie-

236 2427 340 2493 raium
370 2438 403 2488 et
433 2419 624 2490 Gassronem
656 2421 834 2489 simultates
867 2420 963 2503 sunt,
1003 2421 1061 2489 nisr
1088 2425 1170 2504 quid

236 2537 391 2622 amplius.
437 2536 523 2616 Lis,
553 2552 625 2615 quae
658 2532 766 2600 fuerat
796 2533 882 2600 inter
920 2534 1046 2605 Ducem
1080 2555 1169 2605 nunc
1254 2548 1263 2564 ⁸

234 2653 456 2723 Mantuanum
483 2660 516 2710 et
543 2646 629 2710 inter
653 2647 760 2711 Ducis
782 2648 852 2711 eius
881 2651 938 2729 qui
967 2650 1032 2714 fuit
1061 2649 1169 2732 iiius,

235 2767 283 2830 ira
313 2762 446 2825 definita
476 2773 547 2838 est,
571 2772 610 2824 ut
640 2758 720 2824 Dux
747 2770 849 2822 terras
884 2756 919 2821 in
951 2757 1061 2823 Gallia
1092 2762 1168 2826 seras

234 2871 449 2942 Niuernenfie
480 2869 695 2938 successionis
726 2871 863 2953 habeat,
886 2870 1032 2959 virginea
1061 2886 1168 2938 autem

233 2989 306 3055 duee
345 2986 471 3052 reditus
507 3002 548 3050 ex
578 2984 620 3048 iis
656 2985 754 3075 terris
787 2985 826 3050 ud
860 2985 960 3051 libras
991 2983 1166 3052 Francicus

232 3099 397 3187 sexaginta
427 3099 529 3165 mille.
602 3097 840 3192 Procuratores
865 3098 1061 3165 Pari-umenti
1081 3119 1166 3163 enan·

232 3229 310 3282 nent
344 3234 361 3279 e
394 3212 486 3276 curia
519 3209 592 3274 ideo
628 3213 718 3294 quod
757 3213 920 3278 tributum
954 3226 1078 3275 nouum
1116 3214 1165 3274 eis

105 3400 107 3405 ,
232 3326 430 3407 imponitur.
478 3320 563 3387 Sunt
589 3335 621 3388 et
647 3340 797 3393 motuum
824 3324 941 3389 semina
968 3321 1001 3386 in
1029 3322 1167 3405 Deiphi-

232 3451 314 3506 natu
337 3451 369 3501 et
394 3433 433 3501 ad
458 3435 683 3528 Burdegalam.
738 3438 817 3504 Dux
839 3436 1110 3524 ¹Longoviilanns
1138 3433 1165 3497 it

232 3554 271 3630 in,
288 3551 537 3621 Narmanninm.
613 3552 669 3620 nd
698 3553 824 3620 Ducem
849 3550 1059 3634 Anneianum
1087 3544 1164 3611 mit·

206 3675 352 3746 ,tuntur
376 3651 492 3734 novem
522 3668 677 3734 cohortes
705 3685 822 3746 nouae,
846 3676 878 3727 et
903 3678 968 3726 una
987 3673 1083 3726 uetus
1100 3662 1163 3728 Al·

231 3780 338 3851 breti:
409 3795 552 3868 quatuor
583 3793 691 3850 autem
728 3778 834 3847 miliia·
856 3775 897 3846 ad
921 3775 1160 3845 custodiendos

1095 3885 1160 3950 Le·
1183 3879 1186 3889 ’
