2834 4830
232 357 274 428 μ
366 302 1020 417 sinuonrsunorrr

237 514 344 585 Gallis
365 502 478 601 quater
495 518 601 598 mille,
627 494 827 587 uCttnlunis
844 520 894 585 bis
913 521 1017 584 inille:
1042 528 1155 600 ruptas

239 630 278 695 ab
307 648 345 694 eo
368 629 522 696 ducentas
544 643 576 707 et
602 628 763 716 sexaginta
785 636 887 700 mules
907 647 1045 700 onustas
1065 633 1160 698 victu

242 757 273 806 et
300 744 455 825 pecunia:
502 745 534 808 iu
569 744 817 811 Pedernontsnis
852 747 937 811 locis
970 747 1051 812 nihil
1088 744 1163 828 agi,
1209 803 1215 818 ,
1258 763 1262 772 ·

241 853 295 917 sed
327 857 409 920 inter
430 855 623 924 Pontificem
647 871 680 924 et
707 859 910 927 Ethruscum
932 857 1027 940 super
1051 868 1165 942 patto·

244 985 315 1032 runs
351 964 615 1051 interpretatione
648 990 753 1039 novas
786 971 877 1036 nasci
907 966 1164 1061 controuersiam

131 1069 141 1101 ”
242 1081 586 1172 DucenBulioniunr
619 1097 692 1150 curn
723 1083 778 1148 sut
807 1100 910 1149 uxore
939 1083 1006 1148 esse
1030 1082 1166 1148 lionraee

244 1191 425 1270 uectium,
453 1216 526 1258 cunr
548 1196 753 1258 Germanicis
779 1178 976 1275 quibusdem
993 1209 1025 1258 et
1046 1193 1173 1258 Lotha·

246 1301 382 1386 ringicis
409 1301 518 1384 copiis
553 1302 593 1366 sd
622 1304 652 1367 X
677 1304 800 1386 millia,
837 1304 883 1370 ire
908 1304 1101 1372 subventum
1124 1320 1173 1366 re·

246 1414 311 1481 bus
337 1414 496 1480 Flsndriae
519 1415 768 1480 laborantibus:
815 1419 939 1482 Ducem
962 1415 1174 1499 Anguianum

248 1527 341 1593 brevi
360 1526 552 1593 habiturum
573 1525 661 1609 apud
683 1528 712 1591 se
735 1526 799 1591 XV
823 1528 964 1593 militum
988 1528 1109 1607 tniliia,
1141 1536 1175 1589 et

250 1642 506 1706 coniuncturum
530 1634 559 1703 se
581 1661 654 1706 cunr
677 1639 869 1706 Marescnilo
895 1639 1054 1706 Turenae:
1091 1637 1177 1703 inter

250 1754 324 1819 illas
360 1751 527 1837 Anguitni
559 1750 673 1833 copias
706 1750 772 1816 esse
805 1751 925 1818 milites
960 1751 1106 1838 egregios
1144 1747 1179 1812 iu

251 1865 402 1932 Leonico
430 1881 534 1944 nuper
559 1863 786 1940 conscriptos:
832 1864 1051 1942 praetorianos
1085 1860 1179 1960 equi·

252 1991 302 2040 tes
329 1992 360 2041 et
386 1977 532 2057 pedites,
555 1975 671 2055 partini
696 1973 874 2053 peronam,
898 1975 1015 2057 partim
1041 1973 1081 2038 sd
1107 1991 1179 2039 cas·

254 2103 306 2154 tra
333 2091 378 2152 ire
405 2088 528 2152 circum
550 2087 800 2170 Graveiingnrn:
835 2104 904 2151 earn
924 2085 1052 2154 defendi
1076 2105 1094 2153 a
1119 2085 1181 2152 rni-

253 2203 372 2268 litibus
403 2215 451 2262 ter
486 2201 594 2274 inille,
627 2220 644 2261 e
680 2200 882 2261 rusticis'et
919 2201 1179 2265 inhabitantibus

256 2311 309 2374 bis
332 2310 439 2387 mille,
463 2321 494 2371 et
520 2307 681 2372 abundare
705 2309 800 2372 rebus
830 2310 868 2373 nd
892 2310 1009 2378 bellurn
1038 2309 1181 2376 necessa·

148 2460 151 2471 f
257 2421 337 2487 riis:
371 2421 531 2487 abitione
549 2436 668 2501 partein
685 2421 847 2487 exercitus
864 2422 998 2505 posnam
1019 2422 1183 2508 Borborgi

258 2535 298 2601 nd
334 2535 622 2599 incommodantes
660 2536 717 2617 qui
747 2535 975 2622 Gravelingnnt
1013 2536 1180 2616 obsident,

258 2665 381 2735 partein
403 2647 529 2710 missurn
547 2647 589 2715 ,ud
611 2648 831 2724 prohibendos
858 2668 998 2715 conatus
1017 2650 1182 2730 Principis

258 2758 524 2825 Arnusrrsnenfis:
566 2758 723 2824 bavarnnr
745 2758 962 2824 Huhentwiiae
984 2760 1184 2828 ohsidionem

260 2870 466 2957 aggressum,
493 2869 566 2953 spe,
596 2873 725 2956 sliquos
751 2872 794 2935 ibi
820 2872 876 2956 qui
909 2871 982 2937 sunt
1005 2873 1098 2954 posse
1129 2891 1186 2955 pe·

260 2985 358 3049 cunin
378 2982 473 3066 posse
495 2985 679 3063 corrumpi.
720 2985 918 3049 Scribuntur
938 2987 989 3051 hic
1006 3006 1098 3052 nuvae
1117 2988 1187 3053 Co·

259 3099 386 3165 horres.
440 3093 616 3163 Comitissa
646 3096 879 3163 Suessionensss
910 3100 1014 3164 adhuc
1049 3111 1186 3179 aegrotnt

263 3225 293 3273 et
335 3209 498 3285 exspectat
544 3209 640 3275 filiam
676 3210 822 3292 Principi
864 3210 998 3275 Thonrae
1035 3227 1183 3294 nuptam.

190 3343 193 3350 ·
262 3322 499 3386 Pariunteurunr
527 3324 681 3389 ornnibus
712 3323 808 3388 iernre
839 3320 955 3387 edictis
987 3326 1184 3406 pecuniariis

264 3447 371 3494 moras
397 3434 527 3499 obiicit.
573 3438 708 3502 Mortua
733 3435 792 3496 iant
815 3451 901 3498 nunc
925 3451 974 3499 est
1006 3435 1188 3505 Cornitessa

263 3539 515 3617 Suesiinnensrs.
566 3547 691 3614 Missus
719 3548 749 3612 in
775 3565 930 3612 carcerem
956 3549 1077 3616 nothus
1106 3552 1187 3617 Car·

263 3651 380 3718 dinniis
402 3653 532 3736 Gnissi,
567 3661 623 3742 qui
649 3658 857 3728 consiliorum
882 3657 1061 3729 bettiforrii
1084 3662 1187 3747 parti·

264 3784 340 3850 ceps
363 3768 518 3838 ereditur.

274 3897 278 3907 ·
1093 3883 1185 3953 Con·
