2834 4830
348 350 572 428 'arrum-nn
596 359 640 426 u.
667 355 1060 462 barisan-rnna.
1110 376 1174 450 109
1203 335 1207 345 '

238 523 292 608 spe
319 525 401 591 boni
426 510 618 610 successus,
649 530 703 595 hic
736 543 1082 611 comparentessnon
1116 547 1179 611 pa·⁴

237 661 310 706 runt
331 641 532 723 suspicionis
558 644 728 723 concipere
751 643 954 721 audiuntur,
980 640 1091 722 quod,
1116 642 1175 723 qui
1259 651 1261 655 ’

237 773 256 818 a
285 770 336 818 tot
356 756 450 820 annis
471 757 591 819 doctus
614 773 665 819 est
692 757 874 820 Germaniae
897 757 1145 839 liempublicam
1160 802 1177 834 ,ι

236 866 436 951 fingulorum
456 869 594 939 statuum
618 868 852 947 conditiones,
876 870 982 952 gentis
1012 887 1117 932 mores
1140 882 1176 930 et

232 979 400 1064 linguam3
426 983 556 1061 adhuc,
582 983 640 1062 qui
656 983 860 1063 comparavit
876 982 958 1061 fibi,
982 997 1015 1046 et
1036 985 1180 1064 (magno,
1258 1029 1262 1046 .

234 1093 308 1171 fane
337 1095 378 1159 ad
401 1113 466 1159 rem
493 1112 697 1160 communem
719 1096 799 1159 bene
819 1097 986 1181 gerendam
1008 1093 1178 1159 adiumen·.

231 1209 316 1291 tot)
347 1210 467 1275 nititur
499 1210 747 1292 praecipuorum
779 1209 813 1273 in
841 1207 1018 1275 Germania
1050 1206 1180 1304 princi·u

233 1341 313 1405 pum
346 1325 641 1406 ministrorumque
669 1323 852 1389 confidenti
876 1320 1179 1404 correspondentia
1255 1335 1259 1343 ’

233 1449 266 1499 et
290 1436 528 1519 familiaritate3
577 1459 687 1519 nunc,
719 1442 802 1522 [cum
837 1441 1082 1523 Deputatorum
1119 1432 1179 1509 alii
1208 1462 1211 1467 ·
1316 1481 1320 1488 -

234 1547 297 1627 iant
327 1549 384 1615 diu
412 1552 467 1615 hic
492 1550 591 1632 sunt,
626 1555 680 1619 alii
712 1572 817 1634 nuper
848 1551 1027 1628 advenere,
1050 1546 1176 1614 'cuncti

233 1677 314 1746 vero
344 1684 417 1728 cum
449 1661 605 1728 desiderio
638 1680 815 1750 expectant
842 1665 959 1731 Reales
984 1663 1179 1747 Regnorum,

231 1775 504 1865 propositiones,
527 1776 685 1842 secessum
710 1779 882 1843 moliatur.
1267 1755 1272 1765 ¹

277 1885 395 1968 Magni
420 1883 568 1965 equidem
592 1886 648 1948 hlc
675 1887 858 1949 aestimatur
882 1886 1099 1952 Illusttissrmi
1124 1887 1172 1951 D.

234 1996 400 2069 Servienti
428 1996 563 2078 virtus,
597 2017 702 2081 neque
736 1999 891 2084 ignorant
916 2000 1058 2066 Galliam
1091 1999 1176 2064 fera·

178 2198 183 2209 Ι
233 2108 303 2178 ce'nr
326 2112 393 2176 esse
415 2113 584 2192 virorum,
610 2090 668 2195 qui
689 2116 722 2179 in
740 2115 891 2181 abeuntis
912 2116 1024 2180 locum
1040 2111 1180 2199 possent
1236 2111 1239 2115 ’

233 2223 412 2309 surrogari.
469 2227 592 2292 Verum
617 2229 772 2295 credibile
796 2249 862 2295 non
886 2229 946 2310 fit,
972 2243 1025 2294 tot
1049 2242 1081 2293 et
1106 2241 1175 2292 tam

233 2337 368 2404 diversis
402 2340 522 2407 Galliae
561 2332 729 2426 negotiis,
779 2342 920 2423 indeque
959 2341 1175 2404 nascentibus

233 2453 406 2518 continuis
445 2470 552 2517 rerunt
590 2453 835 2518 tractandarum
878 2455 1073 2535 laboribus,
1115 2455 1176 2519 diu

233 2560 473 2644 suffecturum,
511 2563 751 2631 duraturumve
781 2567 880 2632 huius
912 2569 1068 2653 animum.
1124 2570 1179 2633 Et.

119 2732 123 2740 .
227 2679 293 2762 qui
314 2679 352 2754 in¹
373 2677 630 2755 sublevationem
659 2680 731 2746 eius
759 2680 931 2761 adveniet,
964 2698 1031 2744 non
1058 2698 1175 2762 parurn
1266 2708 1269 2713 ’

130 2792 134 2797 ’
232 2792 400 2878 temporis
424 2793 611 2873 adparando
643 2808 676 2857 et
709 2793 916 2859 conficiendo
949 2794 1059 2861 itineri
1082 2793 1177 2864 *insu-
1272 2815 1274 2819 ·

232 2920 312 2968 met.
386 2903 513 2967 Interea
543 2905 655 2986 posset
687 2909 745 2973 uni
781 2909 836 2974 hic
868 2907 998 2992 degenti
1036 2908 1173 2970 morbus

234 3016 362 3097 aliusve
379 3016 472 3085 casus
488 3019 649 3088 humanus
668 3022 898 3108 supervenire,
922 3019 1062 3102 indeque
1081 3018 1172 3087 necti
1193 3050 1196 3054 r

232 3147 341 3197 rerum
367 3149 477 3213 mora3
503 3131 563 3199 sub
589 3154 681 3201 mora
705 3153 808 3216 vero,
833 3133 924 3218 quod
947 3149 1053 3200 tamen
1079 3137 1173 3203 Deus

233 3245 407 3313 clementer
433 3261 580 3328 avertat,
609 3249 729 3315 mutati
751 3267 859 3316 rerum
882 3267 971 3315 nunc
998 3265 1173 3331 prospera·

233 3363 305 3422 rum
329 3357 456 3440 facies3
482 3378 579 3445 atque
603 3361 650 3428 ita
675 3361 746 3444 spes
769 3363 831 3427 iam
853 3381 871 3426 a
894 3362 1008 3428 multis
1031 3382 1173 3446 concep·
1280 3398 1283 3407 ι

232 3482 288 3550 ta,
324 3469 363 3535 de
388 3486 506 3554 optato
527 3477 625 3541 huius
651 3490 814 3542 tractatus
841 3489 982 3557 eventu,
1014 3477 1172 3547 intertur-

207 3581 318 3682 bari.
364 3585 410 3650 Et
435 3587 457 3653 sr
481 3586 648 3655 successor
672 3589 847 3658 adventum
869 3588 963 3659 suum
989 3593 1042 3660 vel
1070 3584 1170 3654 maxi·

234 3712 284 3759 me
309 3696 407 3758 vellet
430 3688 611 3784 maturare,
640 3704 768 3788 aliquid
796 3720 900 3771 tamen
935 3707 991 3771 hic
1024 3705 1057 3763 in
1092 3705 1169 3768 loco

235 3807 494 3882 intercursutum
518 3818 672 3896 videtur,
702 3833 874 3898 antequam
903 3813 1001 3880 animi
1019 3794 1170 3882 'invicem

1098 3927 1171 4014 dig·
