2834 4830
422 316 571 387 nnrsr.
595 337 643 388 m
668 256 1087 390 cormanacum
1144 343 1208 409 ιω

264 503 338 559 tant
365 489 421 557 hic
447 491 643 573 victoriam,
675 503 715 558 tat
741 489 849 570 suam!
892 487 985 573 quod
1015 490 1112 558 etiam
1143 513 1201 576 per

264 623 313 671 me
340 604 406 670 illis
430 606 532 687 licet,
563 605 663 672 modo
687 605 776 672 suam
801 602 938 685 dicant,
970 606 1062 688 quod
1082 607 1118 674 in
1139 607 1201 676 Ba·

263 720 452 807 noricorum
478 721 577 807 tergis
604 730 718 785 notata
739 730 805 782 est.
853 716 997 805 Quidam
1018 736 1124 790 tamen
1143 741 1198 810 ag·
1231 774 1234 779 <

148 860 155 873 ·
262 849 409 899 noscunt
437 834 599 900 inflictum
621 832 750 899 Basaro
772 833 923 915 vulnus,
958 833 1012 900 sod
1041 838 1132 919 leve,
1163 850 1198 903 et

261 947 316 1010 cui
341 927 460 1013 medela
482 949 517 1013 iu
539 962 701 1031 promptu
722 944 776 1013 sit.
821 945 955 1030 Nobis,
975 969 1043 1016 non
1058 951 1195 1016 incertis

260 1058 452 1143 indicibus,
469 1059 633 1143 coastat,
664 1061 793 1128 Ducem
818 1061 1032 1148 Angulanum
1056 1065 1194 1147 palmam
1276 1092 1279 1101 ¹

254 1174 377 1258 egregii
396 1172 559 1243 facinoris
578 1173 784 1257 obtinuism3
809 1173 933 1259 quibus
950 1194 1031 1243 vero
1051 1175 1196 1241 circum-

159 1280 162 1286 ’
256 1284 382 1376 stantiis
408 1306 461 1353 res
490 1302 566 1357 acta
598 1288 659 1372 lit,
679 1289 768 1377 iuter
794 1289 958 1356 variantes
992 1290 1192 1371 relationes,

256 1412 344 1465 nunc
371 1401 510 1468 scribere
533 1420 676 1490 moneo.
721 1403 778 1469 Ad
799 1421 862 1469 vos
884 1404 981 1471 etiam
1007 1424 1100 1489 aeque
1119 1405 1190 1469 cito

251 1529 335 1592 tes,
353 1527 391 1579 ut
414 1526 507 1599 gesta
524 1531 602 1599 est,
625 1516 812 1598 deferetur,
832 1522 917 1604 'quae
943 1519 1030 1585 forte
1056 1515 1190 1600 poterit
1277 1536 1283 1559 ⁹

229 1623 297 1688 .D.
311 1624 439 1693 Vestrae
467 1629 572 1721 ansam
597 1631 740 1711 prebere
765 1626 906 1695 adeundi
940 1629 1111 1693 ministros
1139 1644 1190 1692 re·

248 1737 344 1818 gion,
370 1741 598 1821 testandiqne,
621 1744 656 1808 in
681 1742 796 1809 caussa
822 1743 1013 1821 conmuni,
1036 1750 1187 1806 commu·

250 1860 290 1910 ue
317 1846 494 1930 gaudium!
540 1846 644 1932 Quod
665 1849 745 1913 dunt
770 1849 832 1926 fit,
855 1863 889 1910 et
914 1850 1183 1916 subinueiniroc

140 1951 144 1958 '
248 1978 354 2026 rerum
388 1959 473 2026 statu
507 1962 598 2025 utile
637 1957 738 2026 fuerit
772 1959 953 2044 perspicere
973 1974 1021 2026 .et
1049 1961 1181 2047 videre,

165 2094 169 2099 ·
248 2093 317 2155 quo
331 2074 466 2140 consilia
486 2076 606 2148 Galliae
618 2075 790 2142 inclinent.
827 2077 914 2143 Sunt
934 2075 992 2159 qui
1010 2066 1184 2141 credito-

184 2241 188 2246 .
245 2188 348 2269 lunt,
374 2202 408 2254 et
440 2189 615 2256 Caesariani
643 2191 737 2256 etiam
775 2191 851 2256 hinc
885 2188 960 2255 inde
989 2188 1182 2271 publicant,
1241 2176 1264 2283 ¹⁴

204 2392 206 2396 A
243 2296 386 2364 secretos
421 2315 583 2368 tractatus
613 2305 723 2370 haberi
754 2304 954 2372 Monasterii
981 2305 1068 2368 inter
1095 2305 1181 2389 lega·

242 2412 350 2478 tiones
373 2414 536 2480 Gallicam
551 2431 582 2477 et
611 2417 822 2495 Bavaricam‚
846 2419 945 2497 inque
965 2437 1037 2483 eum
1060 2414 1178 2500 finem,
1215 2462 1218 2468 ·
1322 2436 1325 2441 “

244 2538 276 2588 et
303 2543 425 2607 prore
453 2541 550 2607 nata,
593 2528 770 2608 utriusque
805 2526 909 2608 partis
949 2520 1029 2591 five¹
1052 2533 1178 2611 legatos

124 2710 126 2717 ,
203 2664 205 2668 >
242 2636 306 2703 five
322 2639 466 2705 nuncios
483 2658 683 2723 commeare,
707 2658 795 2705 nunc
812 2638 937 2705 solenni
955 2639 1024 2705 ritu
1042 2653 1074 2705 et
1091 2641 1179 2707 clara

175 2783 179 2791 ·
239 2753 313 2818 luce
337 2751 424 2836 diei,
449 2771 536 2820 nunc
566 2770 664 2819 nocte
693 2754 859 2840 concubia
882 2769 915 2820 et
940 2754 1086 2821 occultis
1107 2754 1176 2820 adi-

231 2847 332 2930 tibus
361 2862 527 2947 locisque.
573 2867 696 2934 Verum
729 2886 792 2934 uos
817 2866 910 2934 fidem
937 2869 1060 2934 talibus
1095 2890 1177 2949 prae·
1233 2900 1236 2905 ·

237 2974 346 3041 sertim
373 2980 572 3047 relatoribus
604 2982 710 3049 adhuc
739 2983 856 3049 habere
880 2998 948 3046 nnn
975 2979 1172 3062 potuimus;

134 3164 137 3169 ¹
239 3107 343 3170 neque
372 3107 410 3158 ut
439 3093 814 3183 habeamus,caussam
840 3108 1068 3177 expectamus.
1136 3094 1174 3158 Si

238 3204 340 3270 D.V.
371 3206 567 3272 intellexerit
594 3209 656 3273 tale
680 3206 761 3290 quid
788 3207 928 3291 agitari,
958 3206 1058 3274 faciat
1083 3228 1172 3291 qua·
1224 3276 1228 3281 ,

155 3358 159 3366 -
236 3318 271 3383 so
298 3337 360 3386 nos
387 3321 590 3406 suspicionis
608 3314 806 3387 xvel'indicii
831 3320 881 3388 sui
902 3321 1074 3388 certiores.
1121 3323 1167 3390 D.

210 3432 381 3519 Legatos
411 3436 590 3519 serviens,
618 3435 755 3502 biduum
779 3434 834 3500 hic
865 3434 1038 3527 versatus,
1070 3438 1168 3505 hodie

233 3551 351 3627 repetit
369 3550 627 3618 Monasteriunr.
673 3548 853 3628 usmeta,
866 3548 904 3615 de
923 3563 1067 3617 tractatu
1086 3565 1167 3642 uos-

235 3673 288 3722 tro
312 3674 386 3728 cum
408 3666 534 3747 Bonis,
556 3664 641 3731 nihil
667 3664 747 3733 certi
767 3684 855 3731 nunc
878 3667 1049 3735 habemus.
1095 3662 1174 3728 Pers

232 3771 367 3842 hibetur
397 3784 504 3844 tamen
532 3779 592 3843 istu
618 3776 686 3841 esse
712 3781 766 3844 vel
792 3783 984 3857 conciusw,
1014 3776 1065 3842 vel
1089 3794 1172 3840 con·

660 3888 736 3970 114
1101 3887 1173 3953 ciu-
