2834 4830
365 293 1155 445 „Knuuontsnnorm

400 504 573 585 Historia,
594 525 690 587 quam
710 507 895 591 impressam
912 496 1028 590 mitro,
1050 511 1169 596 scripta
1187 531 1236 580 est
1256 531 1289 582 et
1333 543 1336 554 ·

358 618 398 685 dd
423 638 473 684 me
502 619 598 685 misia
620 641 638 684 a
661 619 754 701 filio,
779 623 837 703 qui
856 623 942 706 apud
967 608 1147 692 Bavaricos
1167 647 1286 714 captus

356 747 407 798 est
431 734 464 798 in
488 734 691 818 Dutiingana
715 736 826 816 clade,
853 751 885 801 et
910 735 956 801 ibi
981 737 1084 806 adhuc
1112 743 1284 809 retinetur.

356 847 481 913 Scribit
506 848 583 913 mihi
605 847 687 913 idem
714 847 828 929 filius,
852 850 945 915 valde
969 851 1192 920 consternatos
1219 857 1286 921 etse

353 959 521 1039 Bavares,
542 961 639 1027 credo
669 964 711 1028 ob
731 962 897 1030 incursum
923 979 1114 1031 nostrorum
1140 967 1172 1031 in
1202 969 1288 1034 Hol-

355 1072 465 1140 satiam
498 1089 529 1138 et
564 1076 687 1140 vicina.
754 1077 935 1158 Imperator
961 1077 1073 1143 Turca
1102 1099 1120 1144 t
1150 1082 1286 1148 Venetis

298 1238 301 1245 .
353 1189 471 1271 repetit
493 1189 652 1271 mancipia
674 1189 726 1252 bis
747 1193 946 1270 rnii1e‚quae
973 1184 1155 1258 incretam
1180 1197 1211 1262 se
1238 1198 1286 1261 re}

352 1313 516 1384 ceperunt.
564 1300 688 1386 Regina
708 1300 836 1382 liegens
863 1300 917 1365 hic
941 1300 1031 1367 iubet
1060 1305 1182 1388 inquiri
1208 1307 1285 1372 dili.

352 1429 464 1503 genter
484 1415 517 1479 in
536 1432 594 1481 eos
617 1390 676 1496 qui
694 1406 893 1479 frumentum
912 1431 1143 1497 exportarunt.
1206 1419 1283 1485 Bar·

355 1529 461 1597 barini
479 1531 598 1594 volunt
623 1525 771 1592 inarmis
793 1545 939 1609 manere,
963 1543 1021 1608 ut,
1041 1529 1098 1594 ubi
1120 1530 1172 1597 hic
1196 1531 1284 1614 Papa

291 1698 296 1707 .
355 1648 535 1722 morietur,
562 1643 661 1708 ulium
686 1639 809 1707 faciunt
836 1637 900 1706 suae
928 1640 1099 1710 factionis.
1145 1644 1183 1710 Id
1208 1649 1283 1729 paci

352 1759 525 1824 maximum
550 1771 601 1821 est
626 1755 903 1839 impedimentum.
948 1755 1106 1839 Princeps
1136 1758 1283 1824 Thomas

352 1870 477 1936 restitui
510 1870 586 1934 vult
614 1869 704 1934 Duci
740 1867 910 1929 Sabtudiae
946 1886 984 1932 ea
1018 1888 1090 1950 quae
1120 1870 1213 1936 Galli
1248 1873 1283 1938 in

354 1983 514 2052 sabaudia
540 1998 573 2047 et
602 1995 711 2046 tractu
739 1978 982 2046 Pedemontano
1005 1996 1130 2053 tenent.
1190 1986 1281 2050 Galli

354 2097 497 2164 offerunt
519 2093 548 2159 se
564 2110 697 2179 pontem
716 2092 824 2159 Sturae
843 2092 1027 2161 nudaturos
1046 2096 1278 2180 munimentis3

351 2210 409 2278 irbi
436 2209 571 2275 retinere
596 2210 716 2273 volunt
744 2209 958 2286 pinatorum,
1004 2209 1216 2274 Demontium
1246 2225 1279 2274 et

350 2321 575 2410 Segustunem‚
606 2319 737 2386 reddere
767 2333 894 2384 caetera.
963 2318 1077 2386 Rebus
1102 2323 1278 2390 Pictonum

352 2437 544 2522 compositis
557 2430 842 2520 perremissronem
859 2450 1013 2514 onerum,
1032 2455 1104 2517 quse
1125 2437 1170 2501 ibi
1187 2453 1278 2505 erant

350 2554 528 2633 cohortes,
552 2563 631 2616 eunt
657 2549 689 2635 in
706 2546 924 2614 cataloniam.
970 2549 1051 2616 Dux
1067 2552 1209 2619 Carolus
1229 2554 1277 2616 di·

348 2669 395 2733 cit
418 2667 447 2732 se
473 2668 506 2731 in
536 2663 632 2727 armis
657 2661 771 2722 hebere
796 2663 859 2724 Xil
888 2662 1007 2725 miliia:
1054 2667 1193 2729 multum
1221 2685 1275 2747 pe·

313 2812 323 2835 ι
349 2776 455 2842 cuniae
482 2771 683 2855 Hnmburgi‚
706 2771 878 2852 Veneriis,
900 2785 933 2835 tt
959 2771 1049 2837 alibi.
1124 2776 1276 2841 Membr-

349 2888 439 2957 sonit
468 2900 500 2951 et
526 2883 829 2951 Castellonuuanus
860 2887 1001 2969 propius
1029 2887 1194 2953 Lutetiam
1226 2909 1278 2955 ac·
1361 2875 1364 2883 ’

346 3005 456 3069 cedere
490 3000 662 3064 dicuntur.
730 3002 876 3066 Parturit
906 3003 981 3065 auin
1014 3000 1133 3082 septem
1166 3022 1276 3070 novos
1386 2988 1390 2999 ¹

348 3119 450 3183 duces
472 3131 504 3181 ct
533 3114 632 3182 Pares
659 3115 827 3195 Franciae,
866 3112 918 3178 sed
948 3117 1089 3199 opponit
1114 3117 1142 3181 se
1168 3119 1275 3181 Paria·

346 3248 490 3299 mentum
520 3247 559 3292 ne
594 3230 701 3294 honos
732 3227 942 3295 multitudine
977 3229 1126 3295 vilescat.
1196 3231 1275 3296 Dux

346 3339 585 3411 Aurelianenfis
606 3356 638 3407 et
653 3322 843 3423 cardinalis
859 3342 1054 3410 Mtztrinut
1072 3341 1276 3408 nor-ausui·

343 3460 429 3526 bunt
454 3456 623 3524 cohortes.
1120 3470 1122 3474 ’
