2828 4846
404 368 697 440 arrsronrr
741 370 1011 436 annornm.
1128 377 1171 454 σς

242 554 300 620 per
326 540 433 604 omnia
459 541 609 621 infamat,
633 540 752 634 pellunt
780 541 935 622 praeterea
956 552 992 616 et¹
1011 541 1167 606 tutiorem

241 669 313 717 eum
337 653 485 736 praestet,
508 669 540 719 et
560 655 676 720 multas
703 655 755 720 der
778 656 824 720 rei
848 653 1002 719 faciendae
1023 671 1167 718 commo·

241 765 384 847 ditares,
407 767 554 833 dubitare
574 786 702 852 cogor,
721 787 761 832 an
783 769 875 850 pacis
895 768 1062 852 negotium
1082 765 1166 830 serio

239 877 388 944 aGallis
413 896 591 960 tractetur,
617 900 656 945 au
681 901 760 945 vero
786 896 965 964 praetextus
992 894 1163 962 quaerant,
1230 932 1232 939 .

237 1009 296 1070 per
320 1011 405 1072 quos
430 995 545 1077 pacis,
570 1012 666 1076 quam
690 994 750 1076 ipsr
776 1013 843 1058 non
870 998 1010 1074 volunt,
1035 992 1166 1058 tardan-

238 1102 287 1167 da
312 1105 469 1170 invidiam
494 1108 527 1168 in
552 1108 681 1170 hostem
703 1106 881 1171 declinent.
929 1107 1028 1190 Quod
1050 1103 1073 1167 sr
1098 1105 1166 1168 bel-

233 1217 306 1281 lum
332 1218 365 1282 in
393 1219 566 1284 Germania
593 1219 670 1282 duci
693 1217 796 1283 etiam
818 1239 834 1281 e
867 1237 900 1282 re
925 1232 975 1281 est
1005 1217 1166 1295 Suedica,

235 1347 305 1391 non
331 1331 434 1393 habeo
462 1331 554 1411 quod
583 1332 817 1396 contradicam.
893 1330 950 1394 Sin
979 1347 1058 1394 vero
1087 1329 1167 1394 Sue·
1217 1369 1223 1379 ·

235 1439 300 1504 diae
326 1456 383 1505 aut
405 1461 469 1525 pax
494 1457 545 1506 est
571 1443 710 1523 utilior,
743 1458 799 1509 aut
830 1445 863 1507 in
890 1443 961 1507 aliis
990 1441 1073 1506 locis
1100 1443 1166 1506 bel-

233 1553 330 1633 lum,
355 1553 522 1621 sollicitus
546 1544 635 1637 sum,
661 1576 754 1639 quem
786 1575 836 1620 res
862 1556 901 1621 fit
926 1556 1076 1620 habitura
1097 1556 1166 1618 exi-

235 1678 329 1746 tum,
362 1667 480 1732 SuedIa
520 1667 649 1749 quidem
692 1669 809 1738 Galliae
847 1668 1024 1747 adiuncta,
1057 1666 1168 1731 Gallia

235 1798 316 1844 vero
342 1781 410 1860 ipsa
434 1802 490 1863 per
517 1796 571 1846 tot
605 1776 707 1846 nexus
741 1780 896 1862 impedita
919 1801 958 1844 ne
986 1779 1027 1844 ad
1054 1797 1168 1859 pacem

236 1889 419 1973 perveniat.
484 1890 548 1949 Sed
576 1906 649 1948 cum
683 1903 744 1967 ego
769 1902 883 1972 ornnes
916 1887 1040 1967 negotii
1066 1889 1167 1950 istius

239 1997 386 2066 recessus
404 2014 472 2061 non
491 1996 548 2063 nisr
573 1998 763 2062 coniectura
782 1997 953 2077 assequar,
974 2009 1081 2062 totum
1099 2001 1164 2066 hoc

237 2114 312 2180 Deo
346 2111 528 2194 imprimis,
560 2109 695 2190 deinde,
727 2124 759 2173 et
789 2127 923 2189 eorum,
952 2110 1072 2191 quibus
1099 2114 1165 2176 hoe

237 2226 447 2292 commissum
472 2241 542 2304 est,
569 2223 774 2305 prudentiae,
798 2221 965 2301 relinquo.
1002 2226 1096 2306 ⁸Papa
1119 2227 1167 2290 ita

236 2358 289 2406 res
314 2339 441 2404 invenit
466 2337 504 2402 ab
534 2337 673 2403 Urbano
705 2336 881 2427 exhaustas¹
912 2350 1010 2416 atque
1040 2338 1166 2404 obaera-

236 2469 311 2533 tas,
334 2467 373 2517 ut
403 2472 421 2518 a
447 2450 697 2515 cavillatoribus
732 2448 861 2511 dicatur
886 2449 1045 2531 Papatum
1074 2471 1163 2521 acce·

237 2567 322 2650 pisse
348 2565 406 2628 sub
432 2563 588 2627 beneficio
613 2559 804 2625 inventarii.
861 2557 1021 2622 Camillus
1047 2565 1166 2627 Cardi-

235 2678 321 2742 nalis
345 2674 481 2742 futurus
508 2675 644 2740 dicitur.
702 2672 813 2737 Finale
843 2684 980 2752 accepto
1013 2676 1163 2755 prandio

236 2805 329 2856 extra
354 2803 475 2855 metum
497 2807 516 2852 a
536 2787 644 2854 Gallis
666 2801 729 2851 est.
786 2784 1011 2868 Hispanorum
1040 2788 1073 2851 in
1096 2790 1162 2855 Ca.

234 2904 356 2968 talania
385 2900 584 2977 exercitus,
615 2916 709 2978 quem
743 2896 884 2981 Hispani
910 2901 1047 2981 vulgant
1072 2903 1161 2980 esse,

234 3013 382 3098 peditum
410 3010 548 3074 sedecies
578 3010 686 3090 mille,
709 3011 856 3093 equitum
882 3008 1058 3091 quinquies
1091 3014 1161 3079 mil·

234 3130 288 3208 le,
312 3125 364 3189 sed
390 3124 481 3191 Galli
515 3125 619 3188 multo
650 3124 806 3199 minorem
832 3122 898 3184 esse
931 3127 1159 3208 corrtendunt,

236 3240 359 3307 dicitur
383 3240 428 3304 ire
454 3251 570 3302 contra
595 3237 759 3301 Sallouam
783 3235 960 3321 oppidum,
985 3239 1075 3317 quod
1093 3260 1160 3307 non

234 3355 375 3420 multum
403 3355 496 3417 abest
520 3372 538 3416 a
569 3351 782 3416 sarcinare.-
818 3351 1023 3429 Harcurtius
1042 3355 1159 3421 morbo

236 3486 276 3533 an
301 3468 399 3532 rebus
425 3466 570 3531 nondum
593 3467 715 3548 paratis
737 3465 790 3530 hic
818 3465 1002 3543 detinetur,
1026 3481 1057 3530 et
1073 3488 1159 3551 map-

236 3597 299 3643 nus
331 3596 381 3644 est
409 3593 516 3646 metus
552 3597 590 3642 ne
621 3580 772 3644 Catalani
804 3579 897 3643 fidem
923 3594 1069 3660 mutent,
1101 3579 1160 3658 qni

208 3680 269 3752 'et
293 3686 502 3756 Barcinonem
526 3693 646 3783 habent
671 3693 704 3758 in
735 3707 900 3776 potestate
925 3710 957 3758 et
983 3693 1092 3758 fauces
1118 3691 1159 3756 il·

233 3801 309 3886 138,
333 3817 391 3884 ptr
416 3805 565 3885 quas,ss
592 3807 716 3884 velint,
747 3807 836 3874 Galli
855 3806 995 3871 reditum
1013 3805 1047 3868 in
1068 3802 1162 3869 Lan-

689 3914 721 3984 E
1085 3935 1163 4005 gue-
