2834 4830
349 370 391 436 at
487 354 1145 440 rt'no'om1s'ortot11

352 536 523 621 'citos'qui
550 541 590 605 ad
624 522 904 625 Caesaraugustam
934 553 1005 617 est,
1039 555 1143 601 rerum
1173 524 1276 616 penti·
1328 586 1332 601 ,

352 650 400 717 tia
427 652 567 718 diffluere
601 654 653 718 hic
685 654 849 718 creditur:
895 665 927 716 et
954 649 1164 734 Portogalliae
1192 643 1276 730 Regi

354 762 420 831 esse
456 765 628 832 duodecim
661 765 843 847 peditum
870 764 938 828 duo
972 764 1119 845 equitum
1151 761 1275 825 millia:

353 872 442 957 apud
479 877 623 962 Badajoz
653 877 687 942 in
718 880 818 944 limite
860 861 1011 944 Galliciae
1051 876 1102 940 sex
1136 872 1278 938 militum
1390 898 1392 911 =

353 989 466 1055 millia.
512 991 697 1072 messapus,
726 1008 791 1055 non
816 992 911 1076 longe
933 1011 951 1056 a
976 989 1172 1072 Carthagine
1198 984 1278 1048 llis·

353 1102 470 1184 partica
491 1104 531 1167 ad
554 1107 819 1186 promontorium
845 1103 978 1181 Gattae,
1009 1101 1131 1183 cepisse
1154 1099 1279 1163 dicitur

311 1268 313 1273 .
351 1215 538 1298 praetoriam
563 1215 813 1299 Neapolitanam
847 1215 1025 1278 Galeonem
1056 1232 1172 1290 onam,
1211 1211 1278 1272 tlon

352 1338 506 1410 practerea
538 1327 685 1412 navigia,
720 1327 770 1392 die
802 1323 997 1390 vflornffl,
1046 1323 1106 1389 Die
1136 1318 1281 1386 eiiasdem

352 1437 465 1503 niensis
491 1440 555 1505 llll
575 1440 687 1505 Motta
715 1439 936 1506 Odincnrtius
968 1437 1091 1501 Flixam
1120 1456 1138 1501 a
1170 1436 1278 1501 Gallis

212 1634 217 1651 Ι
250 1574 257 1591 ’
322 1552 530 1638 ,possessam
564 1535 711 1634 periculo
747 1526 884 1632 e'xemit‚
917 1550 1114 1614 disturbatis
1145 1550 1280 1631 partim·

355 1674 418 1744 que
446 1662 561 1728 occisrs
586 1665 749 1746 Hispanis·
773 1665 859 1728 mille
883 1677 916 1728 et
939 1662 1112 1743 docentis,
1143 1663 1198 1743 qui
1227 1679 1282 1724 na·

355 1758 456 1839 imm
488 1794 545 1856 ptr
573 1776 700 1843 Iberum
730 1796 852 1843 amnem
878 1795 917 1842 eo
943 1792 1110 1843 venerant.
1179 1775 1279 1838 Sexto

356 1886 463 1951 a'utem
494 1889 692 1968 Septembris
732 1880 771 1952 in'
799 1889 893 1952 ltalia
917 1903 1098 1974 pugnaturn
1127 1888 1211 1951 inter
1233 1887 1280 1952 E·

357 2000 516 2063 throscos
544 2015 575 2062 et
602 1982 834 2066 Barbarinicos
861 2001 894 2063 in
920 2016 1028 2063 monte
1062 2002 1094 2062 in
1129 2017 1196 2080 quo
1222 1998 1280 2061 fita

356 2125 408 2176 est
428 2094 486 2175 arat
501 2111 750 2177 Moniovinum.
797 2112 949 2177 Victoria
972 2130 1070 2194 penes
1090 2113 1279 2177 Ethruscoa

354 2223 445 2298 fuit,
469 2224 575 2300 captis
603 2222 888 2286 Barbarinicorum
915 2226 990 2305 plus
1015 2224 1114 2286 mille.
1168 2223 1279 2289 Casti·

266 2398 270 2403 .
354 2334 495 2399 lionaeus
511 2331 676 2400 Gallicum
695 2348 810 2397 contra
824 2335 937 2418 Belgas
960 2334 1093 2399 limitem
1114 2335 1278 2400 custodit.

355 2447 468 2525 Dens,
491 2445 712 2513 illustrissime
731 2447 893 2528 Domine,
916 2448 1003 2516 Exc.
1019 2448 1064 2514 V.
1090 2447 1144 2515 det
1172 2446 1282 2516 omnia¹
1341 2424 1354 2475 ‘⁸

356 2578 542 2646 prospera..

1000 2650 1087 2715 Exc.
1112 2649 1158 2714 V.

710 2778 712 2783 ’
800 2757 953 2826 inservire
975 2758 1199 2841 paratissrmus

938 2871 984 2937 H.
1013 2871 1264 2939 Gnotrus..

361 3046 365 3053 ·
399 3010 537 3078 Dicitur
554 3011 718 3078 exercitus
740 3011 922 3080 Galliarum
946 3012 981 3076 in
1001 3011 1195 3094 Germania,
1223 3013 1280 3078 ubi

361 3123 430 3192 dux
446 3112 644 3209 Angulanus
666 3143 705 3189 eo
727 3127 875 3206 venerit,
896 3123 1033 3218 iuturus
1057 3126 1097 3191 ad
1121 3126 1184 3189 XV
1209 3125 1279 3187 mil-

358 3238 417 3306 lia.
471 3237 716 3321 Citatigniacus
740 3239 792 3303 bis
815 3240 902 3323 apud
920 3237 1034 3304 ducem
1059 3235 1280 3304 Bellifortium

357 3349 439 3415 fuit.
484 3337 643 3414 Bonleios
666 3351 781 3419 iterum
800 3355 865 3417 hoc
887 3351 975 3415 venit
991 3369 1008 3416 a
1027 3352 1120 3417 Duce
1138 3353 1278 3418 Carolo.

356 3461 481 3530 Italicae
497 3481 549 3528 res
564 3462 603 3529 ab
624 3465 697 3530 aliis
715 3466 808 3531 aliter
823 3477 1016 3545 narrantur,
1034 3483 1130 3547 quam
1149 3481 1190 3527 ex
1205 3464 1280 3527 vol·

357 3577 443 3661 gatis
468 3576 520 3640 hic
544 3577 731 3642 tumoribus
754 3574 878 3660 scripll.¹
901 3576 1127 3661 'Hispanicus
1158 3575 1192 3640 itt
1215 3575 1281 3642 Ca·

357 3689 476 3754 talania
491 3689 655 3753 exercitus
674 3688 740 3754 esse
757 3690 880 3757 dicitur
895 3689 975 3756 xlv
992 3687 1091 3754 millia
1109 3687 1278 3772 peditum,

357 3801 505 3885 eqoirum
528 3808 685 3887 quatuor.
728 3803 866 3875 Elector
882 3804 1051 3876 Palatinus
1068 3801 1194 3871 miserat
1214 3804 1279 3867 huc

1203 3929 1284 3980 con·
