2834 4830
287 391 288 397 Ν
390 320 1027 434 suessanumrnuurrru.
1142 381 1184 444 m

187 570 190 575 ·
249 531 401 602 asturum
424 537 489 601 hoc
515 551 622 612 anno,
658 551 753 616 quarn
786 547 824 596 ut
851 545 980 596 tutetur
1012 529 1120 596 Rheni
1141 531 1182 594 ri·

249 660 344 730 parnt
405 650 531 716 Ducem
563 646 720 713 Carolum
746 647 937 712 Warmatiae
968 643 1035 709 esse
1058 663 1180 729 aegrum

248 762 348 826 animi
376 777 410 826 et
443 763 623 840 incertum,
672 779 737 842 qua
774 759 908 826 consilia
936 773 1065 823 vertat:
1122 776 1179 822 au-

248 890 377 956 gescere
398 891 577 940 moerorem
598 890 637 938 ex
654 872 798 938 absentia
820 873 1054 955 Santauroyae‚
1081 887 1178 952 quarn

216 1034 218 1039 .
247 1004 266 1048 a
290 983 321 1048 se
343 983 509 1068 seposuit,
529 1001 568 1057 ut
592 985 832 1071 parearPapae.
878 987 1022 1069 Hispani
1052 1001 1092 1046 ex
1115 981 1179 1046 Pa·

243 1095 357 1162 latinis
380 1099 476 1179 terris
504 1098 545 1162 ad
569 1099 726 1165 Beckium
752 1100 917 1167 iverant..
957 1099 1069 1163 Multa
1093 1094 1179 1180 ignis

243 1213 387 1275 caelestis
410 1198 563 1296 prodigia
591 1213 742 1275 territant
767 1212 1007 1277 Germanorum
1032 1210 1184 1273 animose

243 1320 346 1405 Regis
363 1323 493 1406 Angliae
521 1340 662 1385 resnou
685 1326 813 1406 optimo
838 1317 949 1390 estin
974 1324 1066 1387 loco.
1112 1319 1179 1386 Est

244 1433 407 1516 Oxoniae3
454 1424 558 1515 quam
588 1436 700 1502 urbem
730 1436 1019 1517 circumveniunt,
1052 1434 1176 1518 magnis

243 1545 383 1627 copiis,
403 1548 480 1612 hinc
500 1548 683 1631 Essexius,
701 1549 777 1614 inde
799 1551 978 1616 Wallcrus.
1028 1547 1176 1630 Regina,

242 1658 427 1724 Exccstriae
446 1659 475 1724 se
497 1675 604 1726 tenere
622 1681 690 1729 non
708 1662 853 1745 audens,
882 1662 1025 1746 amplius
1046 1660 1178 1724 Baisto-

242 1770 325 1836 lium
349 1771 472 1838 dicitur
500 1775 718 1855 concessura,
746 1792 802 1843 aut
824 1791 898 1841 ante
921 1785 1079 1856 aut'post
1105 1790 1178 1854 par-

243 1881 342 1944 tium.
398 1880 480 1961 Spes
504 1884 615 1961 aliqua
641 1884 726 1965 Regi
749 1897 801 1944 est
824 1883 858 1943 iu
881 1883 1015 1944 auxiliis
1039 1902 1112 1961 quae
1136 1901 1176 1944 ex

244 1991 407 2058 Hibernia
440 1982 617 2076 exspectat.
683 1991 848 2059 Audimus
875 1993 1023 2058 Poloniae
1054 1992 1176 2078 Regem

242 2108 384 2172 multum
410 2106 579 2188 laborare,
608 2120 646 2171 nt
671 2125 734 2190 pax
759 2108 815 2172 fiat
837 2107 923 2171 inter
943 2105 1176 2188 Imperatorem

243 2232 275 2283 et
292 2219 516 2285 ltakoczium.
584 2220 616 2284 A
647 2220 851 2304 Portugallis
885 2217 989 2284 caesos
1021 2219 1173 2285 audimus

244 2335 453 2398 castellanos
478 2348 666 2398 trecentos:
719 2347 858 2398 exustos
883 2334 980 2408 vicos
1010 2347 1174 2416 quatuor·

241 2443 360 2511 decim.
414 2446 461 2511 Et
480 2447 610 2526 quidam
631 2465 745 2510 rumor
768 2447 822 2510 hic
840 2462 914 2525 est,
941 2446 1172 2512 aMarescallo

242 2557 386 2622 Turenae
407 2558 487 2621 caesa
506 2558 573 2622 duo
597 2557 745 2639 equitum
764 2556 865 2619 millia
879 2574 1012 2634 eorum,
1037 2560 1095 2636 qui
1113 2558 1191 2623 sub.

240 2668 372 2736 Merciu
396 2683 499 2735 erant.
538 2656 677 2737 ¹Accessi
697 2672 866 2737 iamnunc
888 2668 1173 2752 PrincipemCon-
1275 2736 1277 2747 Α
1367 2652 1370 2659 ’

239 2782 368 2865 daeum,
388 2785 483 2867 eique
506 2784 652 2865 dicenti,
685 2786 809 2849 multos
836 2783 890 2847 hic
915 2785 1046 2864 dolere,
1080 2785 1171 2864 quod

237 2898 368 2965 Danico
395 2898 484 2960 bello
506 2897 689 2962 ‘distentus
722 2896 975 2963 Torstensonius
1009 2915 1068 2960 nec
1105 2896 1171 2960 Ra·

237 3011 362 3076 koczio
388 3009 417 3074 se
439 3008 633 3096 adiungere,
651 3023 716 3103 ‘nec
739 2985 772 3076 in
793 3013 966 3079 Germania
990 3027 1041 3074 res
1063 3026 1171 3094 gerere

238 3125 373 3207 posset,
386 3127 539 3208 ostendi,
555 3145 621 3190 non
637 3145 677 3190 ex
701 3126 798 3191 animi
815 3125 924 3187 lubitu
936 3169 947 3203 ,
958 3120 1010 3186 sed
1025 3141 1064 3186 err
1084 3123 1169 3188 sum·

237 3252 288 3305 ma
319 3228 506 3307 necessitate
538 3239 642 3305 sumta
671 3242 740 3306 haec
774 3256 859 3302 arma
890 3248 1009 3301 contra
1044 3234 1167 3300 belluna

237 3349 451 3433 diuturnum,
476 3354 634 3420 hacteuus
656 3367 689 3419 et
716 3330 909 3432 eccultum,
931 3365 986 3432 et,
1009 3350 1044 3415 ni
1067 3349 1168 3416 suedi

238 3465 495 3548 praevenissent,
541 3482 735 3551 erupturum
761 3467 885 3534 ¹multis
922 3482 961 3529 eo
980 3469 983 3474 ’
999 3464 1164 3549 partibus.

239 3576 401 3660 Ostendi,
428 3572 515 3647 vires
545 3579 643 3645 uobis
666 3581 783 3667 agendi
804 3581 838 3647 ia
861 3579 1035 3649 Germania
1051 3577 1166 3645 'adenr-

238 3702 311 3768 tas‚
340 3691 516 3759 minacibus
542 3694 630 3762 Dani
652 3695 857 3779 delectibus‚
887 3702 926 3760 et¹
939 3710 1052 3776 erepto
1070 3686 1168 3756 'omni

236 3822 275 3868 ex
307 3803 508 3871 commercio·
529 3822 662 3882 externo
700 3824 840 3891 questu:
894 3799 1100 3880 remeante
1132 3814 1165 3865 et

684 3921 717 3988 D
1101 3931 1170 3983 om·
