2834 4830
343 350 395 424 μ
488 333 825 403 H'UGONIS
870 332 1144 406 GROTII

352 505 526 595 praesertim
551 505 692 584 saeculo,
719 526 785 588 quo
808 506 886 571 fides
911 507 1009 587 aiibi,
1040 502 1139 573 etin
1171 511 1280 578 Gallia
1368 540 1375 555 ·

354 622 662 703 maxime„petrara
690 633 753 682 est.
801 619 959 684 Gaudebo
993 619 1015 686 st
1047 623 1084 686 de
1119 624 1182 704 iis,
1209 644 1280 709 quae

353 732 428 799 sciri
450 728 612 815 possunt,
632 728 714 813 saepe
737 743 768 793 st
794 747 904 796 exacte
923 733 1080 816 edocear,
1118 742 1155 801 t'at
1183 739 1221 802 ad
1245 758 1282 803 ea

353 846 515 913 sermones
551 844 648 908 meos
673 862 887 927 componam,
922 867 991 913 nam
1022 852 1115 914 multi
1155 851 1194 914 ad
1233 869 1280 914 me

351 960 489 1025 veniunt
517 974 806 1043 percunctatorem
853 962 920 1047 Qui
948 963 1000 1027 hic
1029 963 1117 1043 capti
1137 964 1211 1027 sunt
1241 982 1288 1029 ex·

354 1074 544 1138 domesticis
577 1075 683 1139 Ducis
718 1074 918 1153 Bellifortii,
960 1093 1026 1137 non
1063 1077 1086 1138 ii
1123 1076 1197 1141 sunt
1226 1078 1286 1158 qui

356 1182 607 1273 quaerebantur,
645 1205 715 1250 nam
748 1185 958 1248 consutorum
993 1179 1185 1252 arcanorum
1218 1210 1284 1254 ma·

357 1301 441 1365 xime
465 1297 588 1362 conscii
612 1298 855 1377 erantCempio
882 1312 914 1359 et
931 1296 1204 1382 Belliregatdius,
1228 1301 1286 1380 qui

357 1411 493 1477 evasere.
524 1411 709 1478 Cardinalis
736 1425 841 1474 autem
869 1410 1084 1489 Mazarinus,
1102 1427 1170 1475 tum
1196 1416 1287 1494 quod

356 1526 448 1592 videt
476 1525 659 1590 atrocia-in
687 1523 717 1587 se
738 1523 889 1604 suscepta
914 1522 1013 1587 fuisse
1037 1523 1190 1604 consilia,
1213 1539 1284 1589 tum

359 1640 451 1721 quod
476 1640 565 1703 vider
583 1637 715 1702 -errasie
740 1637 769 1701 se
798 1638 831 1701 in
859 1637 1028 1701 mittendis
1059 1639 1166 1718 copiis
1194 1653 1285 1703 trans
1385 1658 1387 1669 ·

359 1752 511 1815 Rhenum
536 1766 568 1814 et
594 1752 805 1832 Danubium,
830 1773 902 1834 quae
924 1751 979 1817 etii
1001 1753 1107 1816 omnis
1130 1753 1192 1816 alia
1216 1754 1288 1816 cul-

357 1885 400 1947 pa
417 1864 593 1941 abfuisset,
618 1863 723 1925 mulio
741 1878 833 1924 erant
855 1866 1011 1927 hostibus
1032 1867 1192 1943 impareS,
1218 1884 1286 1929 cre·

360 1979 403 2041 d'o
433 1974 660 2058 etiam,=qu0d
682 1974 714 2038 in
738 1973 852 2040 Romae
879 1976 1014 2060 gratiam
1032 1978 1136 2060 Regni
1157 1979 1289 2043 Suediei

318 2170 320 2177 Ι
359 2091 550 2174 dignitatem
584 2088 673 2151 orani
707 2087 805 2152 modo
838 2088 1017 2171 depressit,
1059 2109 1123 2155 non
1150 2091 1228 2157 bene
1260 2090 1290 2156 se

362 2199 479 2282 habet,
504 2203 536 2265 in
554 2199 777 2284 aegritudinem
794 2203 891 2267 animi
909 2220 1016 2268 tracto
1036 2205 1189 2283 corporis
1210 2222 1289 2297 cun·
1393 2184 1395 2191 ¹

362 2317 465 2384 sensu.
512 2313 721 2421 Xraocofurti
742 2311 825 2378 fama
850 2330 918 2379 etat
936 2308 1054 2402 Regem
1074 2318 1220 2382 Poloniae
1245 2318 1287 2380 ir·

363 2428 488 2512 rupisse
522 2424 555 2495 in
585 2429 773 2495 Livoniam.
840 2430 975 2497 Viennae
1010 2431 1080 2514 spes
1113 2445 1163 2495 est
1199 2432 1288 2514 pacis

362 2561 420 2612 aut
442 2544 646 2613 induciarum
671 2565 745 2611 curn
762 2543 903 2626 Suedis,
927 2545 1142 2628 alia-,negotia
1160 2559 1192 2608 et
1211 2562 1290 2625 pto·

362 2662 456 2745 piora
484 2660 699 2725 habentibus:
745 2673 777 2722 et
813 2660 846 2724 id
879 2660 1009 2724 suadere
1035 2657 1215 2724 Galiasfius
1242 2657 1292 2721 di·

361 2774 462 2837 citur.
509 2768 656 2835 nustria
683 2769 813 2835 ordines
840 2769 917 2833 dant
943 2759 1135 2848 Imperatori
1156 2750 1199 2833 Ῑῦ
1220 2766 1304 2829 mil·.

359 2886 407 2951 iia
430 2883 600 2947 librarum.
647 2885 722 2948 Dux
754 2884 900 2949 Bavarus
935 2896 1031 2967 auget
1063 2879 1177 2961 copias
1202 2877 1289 2943 suas.

365 3000 415 3068 De
456 2994 612 3079 hybernis
655 3009 779 3058 certant
827 2998 910 3059 inter
957 2996 986 3058 se
1027 2993 1222 3059 Hazfeldius
1262 3003 1294 3057 et

361 3110 578 3180 Marcianus.-
629 3107 772 3173 Videtur
799 3122 904 3172 autem
931 3107 1078 3173 Bavarus
1103 3109 1209 3172 minus
1235 3105 1293 3167 mi·-

343 3243 493 3309 .nusque
516 3222 564 3284 de
592 3222 701 3287 Gailia
731 3220 790 3286 fibi
821 3221 1032 3306 promittere,
1058 3238 1162 3315 eoque
1190 3218 1310 3301 magis·

365 3339 394 3403 se
409 3338 581 3417 adiungere
598 3333 803 3401 Austriacis.
850 3338 928 3402 Dux
945 3334 1186 3418 Lotharingus,
1208 3331 1292 3394 mul·

366 3465 400 3516 ta
423 3448 561 3513 collecta
584 3449 742 3531 pecunia,
773 3469 813 3513 ex
836 3462 944 3512 tractu
973 3441 1228 3532 Magontiacensr
1259 3454 1293 3507 et

365 3562 592 3640 Francorum,
617 3581 703 3627 nunc
722 3564 771 3626 cis
790 3562 939 3626 Rhenum
958 3561 985 3624 se
1006 3561 1138 3634 retulit,
1163 3571 1216 3635 et,
1236 3575 1293 3622 co·

368 3675 452 3740 actis
472 3673 620 3738 'l‘reviris
646 3672 794 3737 conferre
818 3673 877 3754 ipst
903 3673 1026 3738 LXXX
1052 3670 1152 3734 miliia
1174 3670 1292 3735 Thale·

367 3807 478 3856 rorum
495 3786 733 3872 imperialium,
758 3785 832 3853 inde
852 3787 886 3855 in
905 3785 1087 3852 Leodicum
1103 3799 1195 3871 parat
1213 3767 1289 3847 su'os

1173 3954 1176 3961 .
1220 3910 1294 3959 nne·
