2834 4830
332 281 381 424 ,ἔ
470 334 1134 408 noconrsonorrr

325 511 368 577 be
390 506 591 576 concessere.
661 505 744 573 Tam
770 505 845 574 Rex
869 506 1038 592 Hispaniae
1066 531 1162 593 quam
1183 512 1266 584 Drix

326 623 556 709 Lotharingns
589 620 747 688 dicuntur
776 620 910 687 militem
946 626 1048 710 legere
1082 627 1116 693 in
1152 644 1262 695 tractu

326 737 540 818 Leodioensn,
552 734 763 816 Coloniensr,
776 712 941 804 luna'cenn
954 786 964 818 ‚
976 741 1154 809 Montano.
1180 745 1263 812 Gni-

328 856 374 933 ii,
399 854 513 935 quiin
540 850 648 920 Casan
672 866 784 932 erant,
809 851 843 916 in
873 852 1093 939 Burgundiam
1113 862 1153 921 'et
1178 857 1266 923 Lot·

269 992 279 1006 ··
325 967 504 1052 haringiam
522 980 695 1033 venerunt.
730 966 891 1049 Hispani,
917 972 973 1052 qui
988 968 1150 1035 Bruxeliae
1166 970 1265 1052 sunt,

325 1082 489 1177 dicuntur
506 1080 652 1145 invidere
678 1095 710 1145 et
731 1081 988 1148 Piccoiominaeo
1011 1096 1043 1147 et
1067 1083 1265 1166 nocquom,

326 1215 471 1281 quorum
495 1196 572 1275 hic,
603 1209 641 1260 ut
669 1195 843 1281 indigena,
873 1196 928 1260 iile
957 1211 994 1261 ut
1025 1196 1134 1263 suavis
1165 1200 1266 1264 mori·

324 1310 411 1390 bns,
435 1308 537 1392 magis
563 1306 727 1392 indigenis
753 1311 898 1391 placent.
945 1309 1063 1376 Gassro
1091 1311 1265 1395 intercepit

327 1439 551 1502 commentus,
576 1425 633 1508 qni
659 1424 920 1489 adnectebantur
944 1425 1071 1505 oppido
1093 1427 1129 1491 S.
1149 1426 1265 1492 Ando-

324 1538 426 1619 mati3
451 1551 483 1601 et
510 1537 545 1602 in
567 1535 680 1601 eodem
710 1535 836 1618 oppido
865 1534 996 1619 qnidam
1021 1535 1187 1618 supplicio
1216 1539 1265 1602 di·

323 1662 451 1720 cuntur
484 1651 617 1729 affecti,
651 1652 708 1731 qui
742 1670 817 1716 curn
850 1647 921 1732 ipso
957 1647 1092 1716 consilia
1119 1650 1265 1717 sociave-

322 1777 410 1830 rant.
464 1763 514 1830 De
540 1763 654 1829 Morta
682 1761 908 1844 Lorhnringiae
941 1762 1065 1826 arctius
1092 1765 1264 1846 premenda

323 1876 490 1943 sermones
517 1874 607 1940 sunt.
669 1873 827 1954 Princeps
849 1873 1021 1940 Condaeus
1051 1876 1196 1959 graviter
1219 1879 1265 1944 ln·

321 1991 419 2056 borae
450 2008 489 2055 ex
514 1989 659 2083 calculo.
728 1987 882 2053 Marchio
916 1988 1265 2056 Sanctichaumontius

321 2105 467 2192 propius
494 2102 633 2169 Romam
658 2100 809 2168 accessrt.
854 2102 1003 2187 Legatus
1028 2105 1067 2168 ab
1093 2104 1265 2172 Ethrusco

324 2241 433 2306 parem
459 2238 535 2286 cum
555 2216 683 2298 Regum
705 2215 821 2296 legetis
848 2217 1005 2280 honorem
1026 2218 1174 2282 obtinere
1198 2237 1265 2282 non

322 2333 460 2421 potuit,
492 2325 669 2405 iussusque
697 2341 714 2388 a
742 2323 801 2394 suo
828 2323 982 2408 Principe
1013 2324 1081 2391 fuit
1117 2347 1174 2393 eos
1210 2329 1264 2395 su.

319 2444 509 2528 mere,‘qui
534 2441 704 2505 darentur.
757 2438 978 2525 Lorhnringia
1005 2440 1041 2506 in
1072 2443 1262 2509 vastitatem

319 2550 484 2646 redigitur
511 2574 568 2639 per
592 2553 783 2620 exactiones
807 2553 979 2621 militares.
1026 2555 1262 2644 Langnedocis

320 2676 444 2744 milites
478 2670 606 2738 recusat
631 2668 780 2749 accipere
812 2687 899 2748 quos
927 2669 1031 2734 mittit
1063 2689 1102 2735 eo
1135 2672 1263 2756 Regina

320 2790 468 2872 Regens.
537 2784 653 2859 Dens,
683 2778 903 2846 illustrissimi
928 2793 962 2845 et
984 2781 1261 2848 Excellentissrmi

317 2895 478 2980 Domini,
515 2893 732 2963 Excellenriis
751 2895 883 2960 Vestris
911 2893 965 2963 det
985 2895 1096 2961 omnis
1119 2914 1262 2980 prospo-

318 3061 374 3147 cn.¹
430 3036 575 3107 Lutetiae
607 2996 697 3156 ἐξ
725 3034 881 3101 Februari
905 3045 1133 3109 crnrochV.

840 3178 969 3246 Excell.
1000 3177 1132 3241 Vestris

775 3292 930 3363 inservire
951 3285 1175 3373 paratissimus

909 3403 957 3470 H.
984 3401 1214 3474 Gnonws.

361 3578 436 3649 Rex
471 3577 645 3660 Hispaniae
683 3577 831 3646 creditur
863 3575 1048 3646 Acirnirnnti
1082 3572 1259 3654 Casteliae,

320 3694 379 3783 qni
402 3712 490 3762 nunc
512 3686 690 3776 Neapolim
716 3693 820 3781 regit,
856 3691 995 3757 daturus
1017 3686 1176 3756 summum
1198 3687 1259 3754 im·

315 3810 443 3898 perium
475 3807 553 3878 belli
584 3826 642 3894 per
674 3803 853 3889 Hispanias
867 3823 882 3869 ε’
945 3801 1115 3870 cardinali
1152 3817 1260 3868 antem

973 3929 978 3938 '
1179 3911 1257 3977 Tri·
