2834 4830
353 361 407 444 ²76
497 352 837 423 HUGONIS
881 351 1156 434 GROTll

357 549 394 598 ne
413 525 697 594 D.Torliens0nii
714 546 820 607 arma,
845 544 911 593 non
934 529 1046 598 versus
1068 551 1103 597 ea
1127 538 1221 621 loca,
1246 545 1285 610 in‘

353 642 476 726 quibua
502 657 553 709 est
582 641 739 723 Princeps
759 639 971 725 Rakoczius,
1004 645 1055 710 sed
1078 663 1195 715 contra
1218 650 1280 717 Ba·

349 773 466 824 varum
491 755 521 822 se
544 768 693 834 vertant,
717 775 790 821 cum
815 774 882 838 quo
908 757 1033 825 tursum
1058 778 1145 828 nova
1169 764 1202 827 in
1229 780 1280 829 ar·

351 887 436 936 cano
469 869 559 938 Galli
588 870 706 934 habent
736 869 941 936 commercia.
1013 874 1051 939 ln
1085 877 1279 943 Crucenaco

354 997 454 1066 capto
480 1003 547 1049 non
573 983 738 1050 modicum
768 982 853 1048 lucri
883 981 985 1050 fecere
1019 985 1124 1054 Galli.
1193 991 1280 1060 Nam

352 1113 384 1163 et
441 1098 585 1184 ingentes
625 1111 663 1163 ut
706 1115 816 1181 cepere
860 1100 1016 1186 pecunias
1066 1104 1195 1187 exigent
1242 1106 1279 1172 de

352 1211 614 1282 Transrhenanis
634 1214 744 1290 lucis,
762 1228 793 1276 et
812 1212 1031 1291 itinera,illis
1053 1216 1085 1280 in
1105 1221 1279 1302 partibus,

350 1324 543 1395 Caesarianis
570 1338 602 1387 et
625 1322 808 1405 Hispanis,
851 1322 963 1388 versus
988 1325 1133 1410 Belgicae
1168 1347 1277 1414 partes
1381 1413 1384 1421 Ι

348 1429 544 1508 turbabunt.
612 1438 830 1503 Marescallus
858 1437 998 1503 Turenae
1029 1442 1279 1510 Catzenellebo·
1354 1520 1357 1535 Ι

346 1555 431 1642 giam
458 1571 520 1636 pro
547 1550 753 1636 Landgrnvia
777 1546 911 1615 Hassrca
942 1551 1043 1636 exigit
1078 1553 1278 1620 aDarmlla·

348 1665 457 1744 denfi,
480 1681 512 1729 et
531 1666 665 1749 triginta
686 1663 785 1728 millia
804 1661 1019 1729 Thalerorutn
1037 1666 1279 1750 imperialium,

349 1794 430 1855 aut,
456 1794 517 1859 pro
545 1777 633 1855 illis,
659 1776 744 1839 mille
769 1793 888 1856 equos.
944 1776 1124 1858 Imperator
1152 1777 1278 1846 misera-

347 1893 446 1959 bilem
479 1890 573 1970 plane
598 1886 773 1966 epistolam
799 1885 924 1968 scripsit
956 1888 995 1950 ad
1025 1890 1151 1953 Ducem
1176 1890 1279 1958 Bava.

346 2025 442 2082 rum,
479 2017 517 2065 ut
551 2001 590 2066 ab
624 2017 686 2079 eo,
726 2000 822 2063 rebus
855 1997 921 2063 suis
951 2001 1102 2082 afflictis,
1139 2002 1278 2072 subsrdia

348 2117 565 2204 adipiscatur.
614 2114 729 2195 Itaque
751 2128 883 2178 movent
910 2113 940 2178 se
963 2115 1076 2181 versus
1100 2132 1209 2199 partes
1231 2122 1277 2186 la·

344 2232 500 2298 burantes
525 2229 690 2291 Waertius
713 2251 787 2292 cunr
814 2228 946 2306 equite,
970 2251 1042 2294 curn
1067 2231 1173 2309 pedite
1186 2232 1277 2298 Mer·

344 2345 473 2408 cincus.
529 2335 720 2420 Creduntut
744 2353 775 2402 et
805 2357 844 2403 ex
872 2338 1039 2422 Hungarla
1066 2343 1169 2424 copiae
1197 2364 1276 2411 ven.

344 2471 429 2523 tutae
456 2453 490 2519 in
515 2451 720 2519 Germaniam
746 2468 803 2518 aut
833 2451 1041 2533 Bnlrcmitm,
1073 2470 1111 2520 ut
1139 2476 1189 2522 rea
1223 2475 1275 2526 tu·
1362 2530 1367 2541 ,

342 2571 455 2639 lerint.
503 2567 679 2646 saxonici,
704 2565 861 2648 quisunt
888 2568 921 2632 ln
945 2586 1111 2635 conventu
1133 2570 1277 2638 Franco·

345 2681 504 2762 sarrensi,
529 2686 620 2764 (nam
646 2680 674 2743 is
694 2681 879 2744 etiamnunc
903 2682 1017 2765 durat)
1044 2684 1274 2769 consentiunt,

346 2814 386 2865 ut
404 2798 576 2863 Electores
603 2806 660 2859 aut
685 2811 797 2858 eorum
817 2791 913 2877 legati
931 2790 1269 2863 eantMonasterium.

294 2972 297 2980 .
345 2907 498 2981 Bavaricl
526 2906 587 2972 lam
610 2907 668 2972 isti
691 2909 800 2974 itineri
825 2906 853 2972 se
880 2907 1005 2973 dedere.
1051 2907 1193 2975 Videtur
1216 2930 1273 2977 au·

342 3040 428 3104 tem,
452 3040 519 3087 non
546 3036 673 3087 tantum
701 3022 914 3102 Electurum,
940 3022 991 3086 seu
1019 3020 1107 3105 quast
1130 3042 1273 3090 conven-

343 3154 400 3207 tus
430 3137 561 3222 quidam
589 3134 718 3222 Imperii
753 3134 856 3199 totius
889 3133 1024 3202 futurus
1059 3139 1270 3203 Monasterii.
1373 3172 1377 3186 =

343 3253 426 3320 Haec
443 3250 663 3318 Francosurto
686 3250 896 3315 nunciantur.
964 3253 1016 3318 Ex
1043 3253 1087 3315 D.
1105 3249 1271 3332 Bryennlo

346 3366 441 3429 etiam
473 3365 536 3428 hoc
565 3360 730 3444 intellexi,
774 3365 912 3431 Gallicae
943 3363 1046 3445 partis
1080 3364 1270 3430 Cardinales

344 3475 452 3544 adhuc
475 3476 620 3541 laborare
649 3478 785 3558 Romae,
820 3495 857 3541 ne
889 3494 928 3540 ex
959 3476 1136 3559 Papalibus
1174 3477 1269 3541 terris

344 3591 436 3656 miles
459 3589 648 3670 Imperatori
671 3594 843 3669 mittatur,
868 3590 946 3672 qui,
971 3591 1021 3654 uti
1046 3591 1078 3653 in
1106 3603 1269 3670 potestate

345 3704 407 3769 erit
434 3701 662 3784 Imperatoris,
696 3702 800 3784 possit
825 3722 890 3767 non
919 3718 1035 3768 contra
1061 3703 1268 3772 Rakoczium

346 3816 456 3902 mitti,
481 3815 534 3885 scd
557 3829 673 3883 contra
697 3815 815 3884 Gallos
839 3829 873 3881 et
901 3815 1049 3900 Suedas,
1077 3833 1109 3883 ct
1134 3818 1268 3884 illorum

720 3943 724 3951 “
1193 3947 1271 3994 ann·
