2834 4830
347 371 419 434 aaa
462 344 736 415 IOHANNIS
777 344 1193 416 OXENSTIERNAE

330 536 402 585 ‘tur
426 518 494 583 esse
520 517 720 583 Monasterii
758 531 792 583 et
819 515 929 583 haberi
960 537 977 582 a
1004 517 1165 603 legatione
1195 517 1279 583 Gal·

343 633 411 698 lica
435 645 472 696 ut
495 632 636 718 legatur.
705 629 741 695 si
755 629 829 696 ·sub
858 632 914 697 illa
937 616 1094 714 qu'alitate
1117 632 1198 697 velit
1220 634 1275 699 hic

340 745 468 832 ingredi
487 760 520 811 et
544 743 603 810 diu
628 741 811 826 subststere,
841 762 956 810 vereor
986 763 1026 810 ne
1055 744 1276 813 communica·

337 861 447 925 tiones
478 872 601 925 mutuae
631 858 705 924 inde
739 856 865 943 aliquid
900 856 1087 926 detrimenti
1127 859 1274 944 capiant.

339 971 449 1042 tenus
475 987 532 1055 et,
570 972 604 1038 in
634 974 694 1039 hac
724 987 839 1057 parte,
871 971 922 1055 illi
951 971 1062 1041 innixa
1086 970 1275 1045 ¹conventio

269 1132 272 1141 ·
335 1086 588 1172 praeliminaria,
612 1105 680 1151 non
703 1084 834 1152 faciunt
859 1085 1053 1152 mentionem
1075 1085 1134 1153 nisr
1161 1090 1275 1177 Agen-

291 1256 313 1293 .,
337 1203 422 1268 tium
463 1203 517 1268 vel
558 1199 781 1267 Resrdentium
830 1199 987 1282 utrinqne
1032 1198 1270 1269 habendorum.

336 1315 496 1397 Caussa,
535 1294 616 1400 quae'
643 1315 723 1380 talea
757 1327 790 1380 et
821 1333 890 1380 non
918 1316 1044 1402 legatos
1071 1315 1273 1383 constituen-

335 1429 399 1493 dos
422 1406 606 1510 suaserant,
630 1430 739 1495 adhuc
758 1427 891 1495 durant.
937 1430 1075 1496 Dicitur
1100 1430 1193 1496 illum
1217 1433 1272 1496 de·

264 1596 265 1601 ,
332 1537 485 1606 stinatum
515 1541 550 1608 in
584 1541 739 1621 Helvetia
772 1543 936 1626 legatum,
974 1556 1007 1606 et
1040 1542 1101 1607 hac
1139 1557 1268 1608 tantum

330 1652 486 1731 transire.
539 1653 664 1721 Verum
691 1655 787 1720 nimia
812 1655 919 1738 longae
945 1650 1114 1719 fonteius
1136 1655 1266 1722 itineris

327 1764 495 1846 ambages.
542 1762 579 1825 Si
602 1780 639 1825 ea
659 1763 765 1824 solum
790 1762 874 1829 esset
898 1781 973 1842 rea,
1004 1764 1143 1829 libentes
1168 1780 1200 1831 et
1225 1788 1265 1833 ex
1310 1854 1318 1869 ,

328 1876 459 1958 animo,
480 1871 617 1938 federati
641 1871 805 1956 principie
823 1874 964 1958 legatum
987 1874 1116 1944 decenti
1141 1879 1267 1947 honore

260 2026 266 2041 ·
327 1992 539 2058 afficeremus.'
586 1987 709 2052 Verum
734 1986 866 2054 sarcinae
892 1987 964 2054 eiua
988 1991 1054 2056 huc
1084 1990 1160 2058 sont
1187 1996 1264 2063 aila·

327 2119 393 2185 tae,
418 2102 537 2170 domus
559 2114 761 2185 praeparata,
786 2100 849 2167 alia
876 2100 999 2184 mul'ta,
1025 2126 1103 2191 ⁴quac
1132 2106 1263 2175 diutur-

231 2198 234 2205 ’
325 2218 450 2283 niorem
479 2214 670 2282 mansionem
695 2214 888 2279 ostendunt.
934 2217 1171 2302 Quodstflet,
1195 2240 1262 2287 non

220 2388 223 2393 .
311 2329 420 2395 :video
453 2343 552 2410 quare
582 2326 665 2389 hanc
697 2320 963 2404 praetiminariurn
987 2341 1161 2408 pactorum
1189 2349 1260 2398 mu·

322 2442 570 2524 tationemnos
596 2435 677 2521 ipse,
702 2434 889 2507 inconsulta
915 2436 1061 2524 Regina,
1090 2440 1258 2509 admittere

322 2552 500 2642 possamus.
527 2553 622 2647 'Alia
646 2549 854 2616 incommoda
873 2569 960 2619 nunc
983 2567 1128 2621 transeo.
1173 2556 1257 2642 Quae
1313 2574 1315 2578 ⁴

204 2740 213 2759 ,
321 2669 559 2739 Domvrstrn
592 2665 666 2732 data
696 2663 866 2730 occasione
892 2668 980 2746 aulae
1008 2668 1103 2751 regiae
1136 2667 1257 2754 signifi·
1363 2702 1366 2706 ·

318 2802 394 2849 cate
412 2756 508 2848 velit.
553 2780 688 2866 Quibus
713 2797 780 2844 eam
795 2777 927 2871 Divina
950 2779 1154 2861 protectioni
1176 2781 1255 2846 fide.

320 2896 397 2963 iiter
422 2893 627 2961 commendo.
650 2943 653 2950 ,
1143 2941 1145 2946 Α

362 3008 507 3078 Osnabr.
532 3007 653 3077 d.x111
678 3005 807 3075 octob.
832 3004 871 3070 st.
887 3016 957 3074 vet.
981 3014 1209 3079 clotochv.

748 3145 937 3216 locantes
963 3146 1246 3247 Oxcnsrmann.
