2834 4830
294 441 297 447 Ι
420 350 1040 424 EPISTOLAEINEDITAE·
1155 371 1195 446 ω

308 525 462 590 Conveni
493 538 524 588 et
554 504 716 591 Comitem
737 514 954 607 Bryenni'um‚
986 540 1019 590 et
1048 524 1116 591 dixi
1142 545 1190 591 ea·

262 633 333 699 dem
359 659 431 720 qnae
453 637 602 720 Principi
623 638 787 704 Condaeo:
820 637 948 718 addidi,
966 656 1031 702 non
1056 639 1190 703 alienam

191 836 192 840 Ἰ
239 727 330 811 7ίοτε
349 749 507 832 Reginam
533 750 658 815 Suediae
677 752 830 834 apere,
862 751 938 817 dum
967 749 1122 816 securitas
1154 765 1186 814 et

259 855 366 924 federa
396 863 529 943 antiqua
556 861 704 928 constent
733 883 854 949 regno,
884 857 916 930 er
941 863 1048 929 Gallis
1079 863 1185 946 genti·

229 968 384 1059 iusque
419 973 581 1061 aliiasua
615 977 829 1057 commercia,
876 974 1079 1057 multumque
1115 994 1183 1041 earn

255 1080 453 1148 tributuram
476 1086 611 1171 Reginae
635 1089 793 1172 Regentis
815 1086 973 1152 confiliis.
1020 1089 1106 1153 Cum
1134 1087 1184 1151 di·
1232 1082 1235 1092 '
1281 1100 1287 1126 ¹

256 1210 364 1274 cerer,
388 1197 531 1262 doluisse
549 1199 626 1262 huic
641 1201 744 1279 aulae,
769 1203 861 1282 quod
879 1200 916 1263 de
936 1197 1080 1263 consiliis
1103 1199 1184 1264 Sue·

250 1303 336 1370 dicia
362 1323 480 1373 contra
505 1310 636 1373 Danum
659 1329 726 1373 non
749 1310 865 1375 fuisset
888 1309 1023 1388 edocta,
1051 1308 1182 1392 respon·
1298 1388 1302 1397 ,

250 1414 308 1495 di,
332 1418 551 1485 necessitatem
577 1422 655 1487 beili
683 1421 828 1506 undique
852 1442 918 1490 non
944 1421 1119 1504 permifisse
1146 1423 1181 1489 id

248 1546 361 1595 morae.
406 1533 496 1599 'Cum
513 1532 548 1598 id
567 1534 630 1599 late
650 1534 867 1617 exposuissem
881 1537 986 1616 ,dixit
999 1585 1010 1618 ‚
1021 1536 1179 1622 Reginam

229 1639 426 1726 Regentem
455 1647 516 1710 hac
545 1647 580 1712 in
613 1666 646 1713 re
670 1649 890 1723 laboraturam
919 1652 961 1715 ad
994 1667 1103 1733 pacem
1130 1665 1180 1714 aa·

247 1754 330 1834 lem,
361 1757 488 1837 qualem
522 1759 641 1825 Suedia
672 1759 846 1829 desiderare
881 1761 1016 1844 posset,
1057 1759 1177 1843 suaque

246 1865 385 1927 consilia
407 1885 481 1928 cum
506 1869 657 1930 Suedicia
684 1872 952 1935 coniuncturam.
1026 1871 1178 1935 Laudari

245 1973 335 2054 huc,
360 1974 556 2057 ostendique
581 1975 621 2055 id
644 1978 819 2045 convenire
841 1977 1007 2044 federibus
1033 1993 1064 2043 et
1085 1979 1177 2046 utili·

245 2087 481 2170 tati'publicae.
524 2089 672 2171 Nam,s1
691 2091 725 2157 id
740 2093 912 2159 maximum
934 2105 967 2158 et
983 2091 1062 2156 belli
1079 2111 1175 2175 proa-

242 2201 315 2281 peri
346 2216 379 2265 et
405 2202 497 2286 pacis
521 2204 669 2268 honestae
691 2205 955 2286 impedimentum
985 2202 1173 2287 auferatur,

242 2314 359 2395 multo
384 2333 446 2379 noe
480 2313 614 2381 facilius
645 2315 680 2381 id
714 2316 978 2398 consecuturos,
1015 2334 1082 2401 quo
1108 2334 1171 2383 noa
1288 2326 1291 2333 '

241 2425 369 2495 ducunt
388 2426 508 2493 federa.
561 2430 647 2496 Cum
669 2429 704 2492 in
728 2428 870 2494 sermone
893 2443 1065 2511 protracto
1092 2448 1173 2512 que·

242 2554 368 2603 reretur
393 2541 545 2603 nonnihil
568 2539 607 2602 de
631 2538 917 2619 disputationibus
940 2545 1025 2602 inter
1043 2542 1170 2622 legatae

243 2650 360 2731 quiin
388 2649 562 2716 Germania
590 2648 666 2717 sunt
692 2647 825 2717 Suedici
852 2648 1061 2733 Franciaeque
1083 2646 1172 2733 Reg-

239 2761 297 2842 ni,
329 2776 362 2826 et
391 2763 529 2837 multum
556 2763 621 2828 hoc
656 2779 789 2847 regnum
822 2759 989 2842 praeferret
1013 2761 1168 2845 caeteris,

239 2873 329 2953 dixi,
356 2874 449 2956 quod
474 2874 580 2940 dicere
605 2872 725 2953 debui3
750 2872 857 2958 Reges
873 2873 942 2940 iure
959 2872 1087 2957 imperii
1109 2894 1168 2958 pa·

238 3003 290 3050 rea
306 2984 395 3065 esse,
419 2986 568 3070 Regnum
587 2983 763 3059 Suedicunr
782 2983 995 3052 historiarum
1015 2985 1168 3052 testimo·

152 3120 155 3127 ·
237 3099 294 3162 nio
320 3113 395 3165 ante
419 3098 472 3162 bis
495 3097 582 3162 mille
607 3114 733 3162 annosa
778 3110 810 3160 et
841 3114 915 3162 curn
943 3108 1074 3176 putaret
1096 3096 1166 3164 exi·

235 3232 335 3294 guum
369 3210 437 3278 ease
475 3228 635 3296 regnum,
664 3209 756 3288 dixi,
792 3219 900 3288 patere
935 3204 971 3272 id
1002 3204 1037 3272 ln
1066 3188 1168 3276 lei

235 3322 357 3408 gradus
376 3322 586 3391 Elevationia
608 3320 707 3401 Pali,
730 3320 765 3385 ira
788 3317 901 3386 xxm
927 3316 968 3386 ab
992 3317 1163 3402 aquinae·

236 3435 307 3501 ciali
330 3433 459 3501 circulo
482 3435 624 3517 ductos,
648 3431 739 3522 quod
759 3430 949 3498 mirabatur.
1011 3427 1163 3503 Intellexi

235 3564 275 3615 ex
296 3547 392 3628 ipso,
410 3547 458 3614 D.
477 3546 696 3614 Carisanrium
711 3564 769 3629 per
783 3542 907 3611 amieos
925 3546 1029 3612 multa
1044 3559 1162 3614 conara

232 3675 283 3721 me
308 3659 494 3729 machinari.
539 3659 753 3729 soleamne
779 3654 979 3732 conscientia
998 3655 1081 3729 {acti
1108 3652 1160 3720 oe·

237 3768 316 3838 ficii.

654 3883 732 3963 Da
1079 3870 1158 3945 ΧΠ.
