2834 4830
231 375 295 445 ιω
367 340 1031 435 nuuomrsurnrnr

122 549 125 557 ·
232 527 345 609 sutas,
362 528 395 596 in
413 529 557 612 foenum,
574 545 771 610 avenam‚et
789 532 864 597 alia.
894 528 1166 615 Pleumadltegl-

235 663 308 717 uam
329 643 508 730 Regenttm
533 644 716 710 concursus
734 643 800 709 fuit
823 646 887 711 istu
905 644 1163 729 deprecantium.

237 752 277 824 In
303 759 508 825 Parlamento
538 759 598 824 hac
628 754 795 824 occasione
826 759 935 824 liberae
967 759 1063 833 dicte
1092 754 1172 823 sunt
1224 822 1226 827 ,
1277 771 1280 779 ·

237 872 402 938 sententiae
430 871 469 935 de
491 871 643 953 pecuniis
672 891 737 935 non
764 871 841 936 bene
875 870 1040 952 impensis.
1120 869 1172 935 Ea
1279 862 1293 879 ”

239 983 278 1050 de
306 985 400 1050 causa
423 985 543 1050 Ptaeses
565 984 767 1051 Barillonius
788 985 897 1049 iussus
924 983 1173 1048 itePinerulum

238 1114 330 1163 extra
355 1099 517 1165 Galliam:
565 1100 618 1165 alii
643 1114 709 1164 tres
735 1098 910 1165 consiliarii
932 1115 990 1162 rus
1017 1094 1170 1180 ablegati.

240 1210 490 1279 Constituerant
509 1212 688 1278 Senatores·
702 1210 946 1277 Parlamentarii
963 1210 1044 1275 nihil
1067 1225 1175 1275 rerum

240 1344 355 1408 agere,
380 1325 574 1407 priusquam
595 1328 743 1412 Collegae
763 1328 844 1407 isti,
869 1343 990 1412 magnae
1010 1323 1176 1399 existima·

240 1436 345 1508 tionis
371 1439 458 1517 viri,
485 1437 542 1503 fibi
569 1440 792 1507 redderentur.
841 1440 904 1503 Sed
931 1458 997 1503 non
1021 1438 1178 1504 videntur

241 1547 275 1621 in
302 1567 341 1613 eo
363 1549 535 1633 proposito
562 1550 744 1632 perstituri.
811 1551 926 1619 Romae
958 1551 1034 1616 vult
1065 1549 1176 1633 Papa,

241 1677 281 1729 ut
310 1664 409 1744 legati
432 1682 586 1728 carrucas
611 1662 749 1743 sistunt,
787 1663 1064 1745 praetereuntibus
1095 1652 1184 1727 Cam.

242 1773 422 1839 dinalibus.
470 1773 644 1853 Hispanus
660 1775 771 1854 dolet,
797 1775 887 1855 quod
905 1773 1092 1841 cardinalis
1105 1773 1177 1840 Me·

242 1886 369 1960 ‹licaeus
396 1882 580 1970 Hispanica
596 1884 738 1969 insignia
764 1883 896 1952 furibus
920 1883 987 1951 suis
1011 1887 1177 1971 ptaeligere
1206 1956 1207 1959 ,

244 2001 374 2079 noluit,
412 1999 568 2082 quodque
607 1999 807 2067 Florentiam
840 1999 998 2065 Nuncius
1034 2001 1180 2067 mittitur

245 2114 477 2196 Bentivolius‚
500 2120 546 2181 'ex
576 2112 674 2180 domo
709 2114 818 2182 Gallie
848 2115 1043 2182 addictinre.
1112 2098 1182 2203 Qui

244 2229 367 2297 Mottae
396 2228 527 2293 suntin
557 2229 794 2310 Lotharingia,
823 2229 904 2310 saepe
931 2249 1004 2294 cum
1033 2229 1180 2292 obsesso·

245 2338 339 2402 ribus
370 2350 536 2420 pugnant:
594 2338 775 2403 mittuntur
805 2339 907 2421 hinc,
942 2337 1181 2424 qui-obsiden-
1219 2388 1234 2413 ὸ.
1265 2375 1269 2383 ·

246 2450 330 2515 tium
360 2464 498 2538 augeant
524 2469 707 2517 numerum.
775 2453 838 2518 Sed
866 2467 899 2519 et
929 2456 1008 2521 Dux
1034 2454 1179 2521 Carolus

248 2566 289 2632 ad
317 2565 520 2639 eximendum
562 2567 687 2634 obsidio
727 2571 838 2634 locum
872 2569 998 2655 accingi
1041 2568 1179 2633 dicitur.

248 2679 437 2746 Marescalli
454 2680 594 2746 Tutenae
619 2680 738 2744 milites
755 2701 794 2746 ex
811 2683 1031 2764 Lotltmingia
1057 2679 1181 2745 exituri

248 2811 316 2857 nun
341 2791 438 2869 lunt,
463 2794 521 2859 nist
552 2795 656 2859 medio
679 2794 790 2876 Aprili
816 2781 873 2858 aut
900 2793 971 2856 elus
993 2791 1067 2856 fine.
1101 2793 1182 2855 Bec-

153 2928 156 2936 ’
248 2902 326 2972 llius
350 2904 384 2969 in
401 2904 704 2993 Luxemburgicum
730 2907 821 2974 venit
843 2926 918 2973 cmn
941 2904 1100 2971 sexcentis
1121 2904 1183 2969 flo-

204 3081 205 3085 ,
248 3038 401 3085 tenorum
428 3020 597 3100 millibus,
622 3020 662 3084 ad
685 3039 794 3086 novos
816 3019 965 3085 delectus
990 3035 1022 3083 et
1051 3020 1089 3086 nd
1113 3039 1184 3085 mu·

250 3131 393 3202 ultiones
419 3132 599 3200 faciendas.
665 3133 747 3201 Dux
772 3134 1040 3221 Longovillnnus
1073 3131 1184 3196 itineri

249 3244 494 3312 Monasterium
525 3247 554 3311 se
588 3262 694 3330 parat.
728 3284 731 3290 ,
762 3248 908 3314 Indictio
940 3245 1028 3325 facta
1059 3259 1112 3308 est
1148 3243 1184 3309 in

249 3375 332 3436 eos,
357 3359 479 3439 quibus
503 3362 650 3442 pecuniae
678 3362 803 3428 reditus
829 3360 1002 3424 debentur.
1064 3358 1114 3424 Ea
1136 3355 1184 3420 ef·

251 3467 380 3540 sectura
406 3453 730 3553 putatur-muliones
757 3472 942 3562 duodecim.
999 3471 1191 3552 Auglotum.

187 3577 191 3588 ’
250 3584 577 3655 Parlamentariorum
607 3589 713 3671 copiae
742 3587 782 3654 ad
810 3582 1091 3654 Pontemfractum
1118 3580 1184 3646 clr·
1230 3659 1232 3664 Ι
1297 3662 1299 3667 Ι

253 3691 512 3793 demitterere.
582 3696 663 3779 Spes
697 3701 788 3781 pacis
820 3697 867 3763 ibi
894 3696 997 3761 nulla.
1063 3695 1188 3774 Deus,·
1286 3775 1290 3785 Ι

250 3810 469 3906 llluttt'irlrmi
498 3827 530 3880 et
561 3810 838 3882 Excellentissrmi
869 3807 1031 3892 Domini,
1063 3808 1183 3877 Excel-

1113 3921 1182 3985 len·
