2834 4830
412 324 718 395 EPIS·TOLAE
760 327 1054 396 INEDITAE.'
1152 331 1200 409 ὃς

258 494 406 564 koczius
427 498 597 563 iuberetur
616 516 702 563 arma
724 516 866 579 ponere,
890 513 927 562 ut
946 497 1076 562 Latinis
1103 495 1191 563 resti·

259 626 398 677 tuantur
422 612 532 677 claves
556 611 720 677 sacrorum
743 612 916 690 locorum,
956 630 1037 692 quas
1063 609 1102 675 ab
1130 607 1191 674 ali·

258 744 328 804 quo
352 741 498 808 tempore
520 725 630 792 Graeci
654 737 778 788 tenent.
850 723 994 789 Videtur
1017 722 1099 805 nihil
1124 721 1190 786 effi-

256 855 340 902 cere.
384 839 517 925 lnterim
540 837 580 904 ad
605 837 780 902 Sultanum
806 838 928 920 perlata
954 836 1030 904 sunt
1055 851 1188 901 centum

243 962 285 1026 ,et
312 952 554 1037 quinquaginta
575 950 677 1016 millia
699 948 933 1031 sequinorum,
962 969 1002 1016 ex
1025 948 1186 1016 thesauris

252 1065 390 1148 repertis
409 1064 497 1147 apud
513 1065 690 1130 Tunetem.
734 1063 835 1128 Forte
858 1064 908 1129 illi
924 1062 998 1128 lunt
1023 1053 1196 1141 tnesaurig'

251 1177 290 1242 de
334 1178 456 1260 quib'us
497 1179 577 1244 olim
611 1175 772 1244 Cesellius
807 1175 929 1242 Bassus
968 1175 1186 1242 somniaverat

248 1293 337 1373 apud
355 1290 525 1358 Tacitum.
569 1289 756 1371 Audimus,
776 1288 842 1355 LV
856 1289 1064 1357 Ducatornnt
1083 1289 1186 1357 millia

248 1422 267 1468 a
288 1404 432 1488 Neapoli
447 1403 675 1470 Mediolanum
692 1405 801 1470 mittit
828 1418 944 1485 quater
969 1416 1076 1470 autem
1094 1402 1184 1468 mille

246 1517 356 1601 angeri
374 1516 554 1584 exercitum
570 1516 794 1598 Hispanicum
810 1517 844 1582 in
861 1515 1043 1583 Catalania.
1099 1517 1183 1587 nec,

246 1626 347 1708 Itius,
371 1645 491 1711 praeter
506 1628 831 1719 Luxemburgicum,
855 1633 951 1697 etiarn
967 1628 1183 1699 Trevericum

244 1761 359 1828 agrum
388 1757 421 1808 et
458 1745 609 1829 proxima
641 1746 790 1813 Mosellae
822 1746 947 1812 servat:
1016 1740 1180 1808 Iohannes

243 1867 353 1929 autem
371 1856 541 1916 Waertius
564 1856 617 1915 bis
644 1858 732 1918 mille
753 1870 787 1917 et
814 1858 1034 1938 quingentos,
1058 1855 1180 1932 partim

243 1963 398 2048 pedites,
428 1963 549 2046 partim
576 1965 726 2048 equites,
759 1963 883 2031 dicitur
914 1958 1103 2031 Hazleldio'
1122 1963 1180 2028 ad·

242 2076 376 2142 ducere.
442 2078 523 2144 Dux
553 2077 700 2146 Bavarus
737 2078 859 2145 interea
889 2077 1025 2142 militem
1051 2094 1180 2143 novum

240 2189 358 2271 scribit
386 2190 474 2273 apud
497 2191 647 2273 Ulmam,
671 2195 860 2279 Augustam
887 2208 919 2258 et
944 2190 1036 2259 alibi.
1112 2192 1180 2259 Ce-

238 2302 327 2386 pisse
350 2317 459 2370 autem
484 2302 556 2370 eius
586 2304 706 2399 milites
737 2305 898 2373 dicuntur
929 2305 1177 2386 cmmbachum

240 2432 273 2481 et
297 2416 496 2482 Brultselam.
544 2419 763 2483 Marescallus
791 2396 1191 2499 Castilionaeus'Dotuia¹

241 2549 291 2596 naa
310 2529 519 2593 Boutevilliae
534 2546 574 2592 ex
592 2528 723 2592 decreto
740 2527 934 2593 Parlamenti
955 2531 1175 2614 significavit,

237 2660 278 2709 tte
301 2661 337 2706 ea
358 2639 457 2705 filiam
481 2640 569 2706 suam
598 2640 667 2706 filio
695 2638 797 2722 ipfius
824 2656 965 2726 nuptum
993 2640 1082 2705 daret
1107 2641 1172 2704 stne

237 2753 295 2821 suo
323 2753 466 2820 assensu.
533 2754 659 2838 Regina
685 2755 814 2819 interim
847 2774 901 2819 eas
928 2754 1061 2837 nuptias
1091 2774 1172 2838 pto·

237 2882 364 2932 movet.
431 2868 518 2930 Duci
546 2868 788 2950 Longev'illano
814 2841 1003 2938 concessum
1029 2882 1103 2944 est,
1128 2879 1169 2932 ut

235 2979 274 3045 stt
298 2978 336 3043 de
363 2974 512 3044 Consilio
536 2979 734 3065 Regiminis.
778 2981 833 3047 Ex
854 2975 1076 3046 Francofurto
1099 2976 1170 3042 dis·
1263 3053 1265 3056 y

235 3095 363 3174 cimus,
396 3093 476 3159 dure
507 3094 684 3160 tractarit
711 3093 825 3160 'Gallis
855 3110 968 3174 agrum
1004 3091 1167 3158 Darmlla·

233 3207 392 3273 diensem:
439 3205 642 3273 Caesarianos
673 3203 800 3285 aliquid
826 3202 986 3289 cogitasse
1015 3203 1053 3265 de
1084 3203 1166 3267 reci-

233 3321 355 3403 piendo
375 3339 433 3401 per
449 3321 585 3404 glaciem
604 3318 885 3402 Philippibnrgo,
909 3315 963 3380 sed·
984 3316 1048 3382 stne
1069 3333 1167 3380 even·

225 3448 286 3500 tu.
332 3433 447 3519 Magni
470 3435 505 3498 in
532 3436 601 3501 illis
628 3433 714 3500 locis
739 3431 814 3495 lunt
842 3447 989 3496 rumores
1014 3428 1053 3495 de
1075 3429 1167 3496 Tur·

233 3549 307 3626 cis,
330 3567 444 3634 magna
459 3547 632 3613 Gallorum
654 3546 794 3629 pecunia
811 3543 953 3628 emptis,
976 3558 1014 3608 ut
1040 3544 1162 3608 bellum

233 3654 375 3722 facerent
397 3662 608 3746 Imperatori,
634 3659 692 3742 qui
716 3677 733 3724 a
755 3657 897 3722 Liotzio
923 3658 1033 3722 iturus
1055 3651 1165 3715 crede·

234 3768 332 3836 batur
355 3784 412 3834 aut
438 3773 572 3858 Pragam
598 3786 654 3840 aut
682 3771 909 3836 Neulladium.
976 3765 1163 3829 electorem
1244 3856 1247 3863 Ι

663 3882 732 3962 Ἑ3
1109 3889 1168 3938 au·
