2834 4830
378 336 526 451 Enls'r.
550 337 1009 453 rntcnfflsntitnnt.
1040 350 1047 367 '
1098 362 1158 411 121
1194 362 1197 367 ·

214 508 534 607 ‚mano-Germanici
547 509 749 590 ordinibus,
772 508 1023 592 supermateria
1046 511 1161 594 pacis,

232 649 251 703 a
272 626 377 710 Regni
396 622 562 694 foederatis
588 623 900 708 nuper,.propofitd.
966 623 1005 688 In
1031 643 1103 689 enm
1130 624 1168 695 fi,-

234 760 319 807 nem·
336 741 531 825 excogitatae
548 740 634 808 -sunt
656 736 847 821 ambagiosae
871 739 938 833 illac
963 740 1166 820 quaestiones

218 854 274 935 ,de
297 854 396 920 modo
417 851 638 927 consultandi.
685 851 721 915 Si
742 849 801 917 sub
822 850 1085 934 disquisrtioncm
1109 853 1170 919 sta·

123 1019 125 1023 .
234 980 328 1051 tuum
359 970 468 1034 venire
492 966 646 1033 deberent
669 965 915 1049 proposrtionet
941 981 1178 1057 coronarum,

234 1080 427 1169 adlpnucos
454 1098 567 1147 eorum
596 1078 845 1165 ventilationem
877 1079 976 1157 illam¹
995 1076 1169 1146 devolvere

232 1193 436 1281 satagebant.
482 1195 573 1261 Hinc
595 1194 700 1277 prima
720 1193 905 1275 consuit,
928 1193 1019 1260 solos
1035 1193 1171 1261 Electo-

233 1311 318 1373 rales
341 1309 541 1376 tractatibus
563 1307 728 1377 adbibere.
772 1308 901 1375 Deinde
917 1328 992 1375 cum
1014 1305 1170 1389 ordines,

233 1419 367 1519 incitati
399 1422 470 1495 iure
501 1422 642 1506 proprio
671 1436 704 1489 et
735 1440 933 1491 coronarum
964 1421 1171 1490 adhortatio·

232 1532 356 1615 nibus,
391 1535 451 1619 ipsr
488 1536 685 1603 intervenire
714 1535 1019 1606 consultationibus
1053 1535 1172 1601 statue.-

224 1659 333 1726 ncnt,
367 1648 537 1729 proposita
555 1664 607 1733 est
629 1648 736 1715 forma
759 1647 970 1716 consultandi
993 1666 1052 1733 per
1077 1663 1172 1717 xvrrr

234 1759 365 1840 imperii
384 1759 602 1839 status,„qui
628 1764 710 1828 alias
739 1762 891 1840 deputati
922 1772 1110 1841 vocantur,
1129 1774 1175 1826 -et
1288 1776 1290 1782 ·

238 1880 427 1935 conventus
452 1885 586 1949 eorum,
610 1869 775 1937 ordinaria
794 1867 980 1949 deputatio.
1026 1867 1091 1932 Pro
1108 1869 1173 1933 hoc

237 1980 338 2048 modo
359 1979 527 2046 obstinate
546 1974 650 2048 abiis
669 1995 875 2068 pugnatum,
901 1979 1075 2062 omniaque
1095 1980 1176 2046 arti·

237 2094 530 2192 ficiaexcogitata.
576 2095 700 2161 Verum
716 2093 986 2178 quemadmodum
1003 2113 1089 2162 arma
1105 2113 1176 2180 reg·

238 2230 358 2277 norum
376 2211 537 2281 hactenus
553 2210 679 2277 invicta
695 2209 898 2288 extiterunt,
917 2209 964 2274 ita
978 2211 1074 2275 etiam
1085 2210 1179 2294 quic·

240 2324 320 2405 quid
330 2325 519 2390 technarum
530 2321 662 2392 adversa
671 2340 749 2404 pars
765 2323 817 2390 hic
831 2324 1016 2405 explicuit,
1026 2323 1178 2393 constan·

240 2439 267 2504 ti
282 2436 499 2502 consonantia
509 2435 711 2517 legationum
722 2433 850 2498 Suediae
865 2449 898 2498 et
916 2436 1034 2505 Galliae
1050 2437 1177 2505 distur-

240 2552 356 2617 batum
383 2563 455 2630 est,
509 2558 737 2626 exortusque,
762 2546 1001 2633 reluctantibus
1022 2549 1181 2615 Austria·

242 2666 319 2745 cis,
350 2685 425 2737 cum
449 2658 610 2746 applausu
639 2673 671 2725 et
699 2659 792 2727 votis
822 2659 976 2728 ordinum
1001 2660 1180 2743 utriusque

243 2776 454 2862 Religionis,
485 2774 604 2843 modus
633 2756 941 2857 extraordinarius3
987 2774 1113 2842 scilicet
1142 2788 1190 2844 ut·
1267 2790 1282 2811 ‘

243 2909 357 2956 omnes
380 2903 413 2952 et
433 2888 551 2973 singuli
580 2886 713 2954 ordines
739 2888 878 2955 habeant
904 2888 1038 2954 hicine
1066 2887 1181 2954 sessio·

240 3005 294 3070 nis
328 3016 360 3067 et
392 3000 488 3081 voti,
520 3000 620 3086 idque
644 3001 686 3069 ad
717 3003 849 3079 modum
880 3001 1114 3083 comitiorum,
1145 3001 1181 3068 iu

242 3115 504 3199 tribus'imperii
527 3116 701 3202 collegiis,
744 3114 934 3188 constitutis
967 3114 1002 3179 in
1037 3129 1183 3198 utroque
1218 3118 1221 3123 '

241 3234 320 3296 loco
347 3244 563 3297 tractatuum.
625 3230 691 3296 Pro
709 3231 808 3296 huius
831 3230 878 3295 rei
896 3229 1181 3321 consolidatione,

242 3345 437 3422 simulatur
464 3344 634 3412 salutarem
661 3343 880 3418 Celsrsfimum
907 3344 1033 3412 Ducem
1050 3343 1184 3432 Longe·

242 3457 428 3538 villanum,
451 3459 695 3531 Monasrerinm
715 3455 874 3533 concessi.
920 3459 1129 3540 Deprehendi
1148 3459 1182 3523 in

244 3572 340 3634 dicto
364 3572 515 3656 principe
539 3590 670 3657 magnas
693 3573 792 3637 animi
810 3570 928 3653 dotes,
952 3592 1072 3657 easque
1092 3583 1183 3636 totas

246 3683 409 3763 requiram
434 3686 541 3767 sederi
560 3684 784 3767 conservando
808 3702 842 3754 et
866 3687 1032 3754 communi
1059 3681 1181 3749 caussae

248 3797 484 3882 promovendae
518 3796 634 3866 dicari.
708 3801 816 3883 Quam
844 3799 1067 3866 intentionem
1112 3815 1186 3862 cum

544 3902 549 3912 '
675 3910 753 3992 Hs
824 3937 826 3943 ·
1090 3908 1187 3975 etiam
