2834 4830
401 285 701 410 EPISTOLAE
747 335 1017 402 INEDITAE.
1127 355 1165 415 ry

233 513 292 594 id,
320 527 352 578 et
380 515 512 594 quidem
547 509 704 574 Benfcidii
733 511 839 588 malo,
872 508 931 588 qui
955 524 1042 568 unus
1067 496 1185 568 lucus'

232 598 338 692 uobis.
365 629 397 690 in
435 627 559 691 Aliaria
589 625 742 701 restaret,
794 641 867 686 cum
902 639 1019 684 caetera
1048 619 1109 682 srnt
1146 639 1165 681 a

232 743 330 806 nubis
365 742 482 805 Gallim
519 718 661 813 nauita,
710 756 783 815 quae
822 734 964 799 vicisfim
1002 732 1164 797 Beufeldii

232 853 347 915 tuendi
373 872 481 917 curum
512 853 544 914 in
571 852 600 913 se
632 848 839 931 suscepisset.
886 849 1028 913 Narravi
1061 848 1162 924 mala,

233 987 303 1048 quae
342 981 434 1030 terme
474 966 563 1028 circa
605 963 807 1029 Benfeldiunr
855 963 1082 1028 incubuissent
1123 960 1162 1022 ab

230 1081 376 1144 enerciur
401 1078 494 1142 sueto
519 1079 673 1141 licentiae.
720 1078 872 1158 Rogavi,
894 1094 931 1139 ut
956 1078 983 1138 is
1002 1076 1076 1136 inde
1099 1075 1166 1134 toi·

193 1203 195 1208 '
232 1194 374 1270 leretur,
413 1191 574 1269 acciperet
618 1191 704 1251 vires
749 1191 884 1251 maiores
924 1185 1091 1249 bavaricis
1133 1198 1167 1246 et

232 1303 372 1384 quae'se
405 1305 452 1366 eis
485 1303 616 1364 iunxere
647 1301 916 1386 Lntharingicie,
970 1315 1001 1362 et
1050 1297 1167 1377 deinde

233 1418 384 1480 Rhenum
406 1415 567 1478 tr'ansiens
585 1416 683 1477 aleret
704 1414 732 1476 se
749 1433 788 1477 ex
807 1414 876 1477 [010
898 1408 1028 1478 hbstili.
1090 1413 1165 1484 Nec

234 1531 361 1593 oblitus
394 1529 461 1591 sum
496 1530 600 1594 dicere
634 1528 735 1592 federi
760 1544 929 1612 postremo
955 1529 1018 1590 hoc
1042 1525 1166 1603 inesse,

235 1659 273 1706 ut
299 1643 663 1729 bellumrmnsferatur
697 1644 730 1704 in
763 1659 864 1705 terras
894 1637 1080 1706 Austriacae'
1105 1640 1166 1700 do-

235 1773 307 1819 mus
339 1755 514 1838 proprius,
545 1776 581 1821 ut
605 1757 789 1831 bohemiam
814 1771 846 1818 et
864 1756 1058 1833 Austrum,
1082 1753 1165 1816 mul·

235 1867 347 1944 tisq'ue
377 1868 552 1931 nsteuduns
581 1861 652 1954 spes
682 1870 718 1926 de
741 1869 867 1928 Bavaro
894 1883 1072 1944 conceptas
1098 1864 1165 1925 esse

235 1977 347 2042 inanes
362 1997 391 2073 ε,
420 1970 593 2059 illigat'mn''
623 1995 695 2046 eum
737 1977 850 2041 domui
888 1977 1074 2049 Austriacae
1109 1994 1166 2057 per
1244 2066 1248 2077 .

235 2092 441 2167 affinitatem,
466 2109 653 2154 communes
669 2087 792 2164 lib'eros
811 2107 843 2154 et
858 2088 1079 2171 possesiones
1094 2107 1164 2166 eas,

237 2224 339 2286 quas,
368 2202 526 2268 beneficio
544 2204 688 2291 eiusdem
713 2204 830 2268 domus
857 2219 1033 2286 acceptas,
1057 2200 1166 2266 nisrea

237 2319 357 2398 stante,
392 2319 476 2381 tueri
501 2338 567 2383 non
596 2319 727 2400 possete
769 2318 899 2408 addidi,
932 2318 1166 2399 Imperatorem

238 2434 276 2496 nd
301 2452 410 2513 pacem
441 2433 652 2511 trahendum,
678 2451 744 2494 non
769 2433 1010 2496 Germanorum
1037 2430 1167 2496 Princi-

238 2563 317 2624 pum
342 2546 393 2606 sed
418 2545 490 2606 ¹suis
516 2545 655 2605 damniS.
703 2542 783 2605 Haec
815 2543 924 2603 omnia
949 2560 1014 2605 tres
1039 2544 1167 2607 Princi-

236 2674 295 2740 pes
321 2656 369 2719 ilii
394 2657 638 2738 adprobaruntr
663 2653 881 2737 promiserunt
903 2670 974 2719 rata
997 2655 1068 2720 fore
1092 2676 1165 2736 qum

234 2752 521 2852 postulaveram
555 2769 677 2834 Omnes
704 2771 838 2834 voluere
863 2788 921 2850 per
945 2790 994 2861 me
1018 2773 1166 2839 nuntiari

233 2885 376 2950 animum
399 2884 544 2964 ipsorum
571 2889 693 2966 optime
723 2885 885 2950 adfectum
909 2905 983 2969 erga
1006 2888 1164 2968 Reginam

233 3011 381 3062 nostram
409 3016 607 3081 regnumque
632 3000 821 3065 Suedicum.
868 3004 946 3068 Dux
965 3001 1164 3084 Anguianus

233 3113 298 3178 huc
322 3111 487 3192 amplius,
512 3114 557 3176 ire
585 3114 613 3176 se
641 3134 680 3180 eo
708 3116 802 3195 ipso,
828 3133 895 3195 quo
919 3133 992 3177 eum
1017 3119 1164 3198 alloque-

234 3225 314 3306 bar,
334 3226 451 3305 idest,
472 3227 559 3291 iovis
576 3227 647 3308 die,
670 3229 765 3309 equis
784 3227 965 3307 celeribus,
992 3244 1029 3294 ut
1045 3233 1160 3310 copias

235 3358 292 3424 per
329 3341 592 3424 lngoiisme'nsem
626 3340 761 3405 eductas
806 3361 822 3403 e
863 3342 1021 3426 praesrdiis
1063 3340 1165 3409 ducat

235 3469 352 3518 contra
377 3456 578 3535 liavuricun,
611 3455 667 3535 qui
704 3456 752 3520 cis
777 3456 927 3521 Rhenum
959 3457 989 3520 se
1008 3433 1164 3523 ¹colloca·

236 3582 333 3645 runt‚
357 3588 414 3632 eos
442 3567 653 3653 aggressurus
679 3571 818 3651 proeli0‚
843 3571 922 3651 nifi,
957 3574 1047 3654 quod
1071 3574 1165 3637 futu-

236 3697 307 3741 rum
325 3696 441 3759 putat,
467 3699 554 3748 retro
579 3683 706 3750 cedunt.
762 3687 837 3751 ldsr
859 3688 1006 3765 eveniat,
1032 3687 1165 3751 relictu-

238 3811 309 3859 rum
326 3792 356 3858 se
379 3794 575 3863 Marescullo
595 3799 786 3866 Guebriuno
813 3801 928 3881 copias
952 3811 1080 3876 tantas,
1107 3813 1165 3874 per

689 3911 713 3973 B
1084 3921 1165 3989 quus
