2834 4830
382 309 712 378 nursuotru
756 311 1024 382 rumorum.
1144 331 1189 400 55
1290 338 1292 340 ·

145 461 147 473 ¹
207 561 211 567 ,
250 479 384 546 miserit.
452 478 488 546 si
525 493 630 545 tamen
668 481 856 564 aliquorum
893 481 989 546 animi
1028 501 1086 565 per
1121 485 1180 551 has

173 667 176 672 ,
219 595 494 679 'disputationes
519 573 563 659 ah
587 593 784 676 Imperatore
817 594 963 660 abstrahi
996 611 1180 680 poterunt,
1252 673 1256 682 y

244 722 277 770 et
309 721 404 775 vetus
442 709 596 776 vexillum
631 707 734 792 erigi,
766 706 807 772 ad
835 707 926 798 quod
953 723 1178 791 concurrant,
1290 757 1292 761 -
1346 710 1347 714 ’

213 863 216 866 -
245 821 369 901 quihus
394 822 502 906 aliqua
525 837 631 887 manet
656 840 735 888 cura
763 819 964 887 Germanicae
990 823 1178 902 libertatis,

243 930 305 996 eri-t
326 930 361 997 id
383 953 401 1000 e
424 950 456 1003 re
483 932 612 1003 nostra.
667 936 702 1001 Si
724 935 851 1003 Danica
874 931 1096 1000 controvcrfia
1120 950 1178 1017 per

243 1045 396 1114 Gallicos
411 1051 622 1134 Batavosque
649 1052 775 1135 legatos
804 1050 964 1130 componi
991 1065 1061 1112 non
1082 1061 1176 1129 pote·

240 1158 307 1240 rit,
331 1176 469 1244 putem,
496 1163 579 1229 nihil
604 1163 638 1227 in
661 1180 702 1227 eo
729 1162 805 1228 mali
827 1161 919 1241 fore,
946 1160 1027 1226 fide
1043 1178 1081 1225 ea
1102 1179 1176 1244 agn·

237 1272 307 1335 tut·
322 1273 529 1359 Oenabrugae
549 1289 588 1340 et·
607 1274 827 1353 Monasterii,
866 1275 909 1336 oh
939 1272 1051 1338 causas
1076 1292 1175 1336 a-me

239 1382 346 1450 dictos
381 1387 530 1453 antehac.
584 1387 633 1453 De
661 1387 809 1454 Temere
830 1398 947 1467 capta,
974 1399 1048 1464 est,
1082 1384 1173 1467 qnod

237 1499 458 1581 gaudeamus,
508 1498 739 1584 speremusqoe
777 1500 916 1566 maiores
964 1499 1172 1593 progressus.

229 1611 406 1679 Videntur
436 1615 652 1698 exspectanda
677 1618 740 1681 alia
767 1614 892 1700 proelia
921 1613 1049 1677 navalia
1071 1632 1172 1692 cum,

237 1744 309 1806 quae
334 1739 336 1746 ⁴
345 1740 492 1810 pugnata
529 1728 605 1793 sunt
636 1731 818 1810 hactenus,
858 1727 945 1793 ainl-
975 1724 1082 1807 magni
1112 1736 1172 1788 aut

235 1835 289 1896 his
325 1851 383 1896 aut
415 1837 483 1894 illis
518 1843 736 1899 contulerint.
799 1842 850 1899 De
879 1853 1069 1914 postremo,
1103 1851 1170 1912 quo

148 1959 150 1963 ’
237 1940 361 2028 fugisse
384 1943 501 2008 Dauos
532 1943 612 2007 satis
638 1939 788 2024 constat,
813 1944 913 2029 magis
939 1955 1027 2009 certa
1052 1943 1171 2027 magis·

237 2075 299 2137 que
324 2054 476 2137 specialia
499 2044 744 2137 exspectamus:
777 2070 815 2121 ut
841 2056 996 2137 et„quid
1016 2054 1170 2122 facturus

172 2167 182 2239 s
236 2166 275 2234 fit
298 2166 502 2248 Gallassrus,
549 2169 629 2252 quid
664 2166 773 2234 nostri
807 2182 922 2237 contra
956 2167 1166 2235 Gallassrum.

232 2279 325 2346 Deus
352 2281 420 2346 haec
445 2281 554 2346 omnia
583 2282 623 2346 ad
649 2282 772 2367 bonum
796 2262 834 2343 et'
854 2280 1003 2359 suediae,
1025 2293 1057 2343 et
1080 2287 1167 2344 com·

233 2393 376 2458 munitet
387 2391 488 2458 'orbis
508 2394 722 2473 Christiani,
742 2392 881 2477 dirigat,
895 2394 1075 2474 idemque,
1098 2393 1169 2460 Ex·

234 2505 459 2572 cellentisfime
485 2520 517 2568 et
542 2505 767 2571 Illustrissrme
802 2505 966 2584 Domine,
999 2506 1085 2572 Exc.
1118 2505 1163 2583 V.

233 2661 397 2733 protegat.
434 2590 727 2711 Q&
747 2642 988 2705 crolocxutv.

497 2714 536 2763 vl
578 2698 728 2782 Augusti

603 2811 691 2877 Eue.
714 2809 843 2873 Vestrae
861 2821 1023 2891 perpetuo
1048 2806 1166 2873 servire

605 2921 859 3008 obligatisfimus
876 2919 1166 3004 paratissimosque

815 3062 861 3128 H.
892 3062 1118 3128 Guoerus'.
1192 3106 1196 3112 ·

235 3323 237 3327 .
270 3285 318 3351 D.
338 3284 561 3366 Carisantem,
586 3261 819 3367 cumprimum
844 3282 884 3349 td
906 3283 1085 3363 mevenit,
1110 3286 1163 3348 be·

231 3398 381 3484 nigue‘et
404 3399 586 3467 honorilice
612 3400 740 3484 excepi.
786 3398 892 3464 Volui
912 3416 984 3466 eum
1008 3398 1163 3465 deducere

231 3513 271 3576 ud
300 3511 459 3597 Regium
482 3513 681 3598 lugentem,
720 3519 764 3580 u't
789 3513 890 3578 moris
916 3526 985 3579 est:
1038 3513 1159 3578 noluit.

234 3621 331 3687 Dixit
351 3626 474 3724 Comes
496 3627 682 3712 Bryeunius
713 3627 765 3709 ei,
791 3627 841 3692 ita
865 3624 934 3691 fieri
959 3627 1090 3691 dehere:
1117 3640 1163 3686 re·
1201 3711 1208 3719 ἱ

239 3731 395 3814 spondit,
418 3742 500 3809 nihil
522 3741 581 3809 sihi
607 3759 729 3808 meeum
757 3740 825 3806 esse
853 3756 1037 3807 commune.
1081 3734 1169 3800 idem

650 3857 680 3917 D
703 3874 724 3930 4
940 3863 942 3867 '
1111 3845 1161 3907 dl*
