2834 4830
239 353 282 433 64
372 342 708 418 HUGONIS
753 347 1026 425 GROTII

650 550 737 616 XV.

233 746 280 819 D·
326 746 574 814 IOHANNI
624 745 1043 819 OXENSTIERNAE
1101 762 1158 821 nn*

276 862 323 928 D.
348 860 592 928 IOHANNI
621 859 850 928 ADLERO
884 863 1114 946 SALVIO‚

422 1001 555 1086 Reginae
583 998 710 1065 Suediae
737 1016 804 1066 etc.
833 1001 983 1087 Legatis.

428 1224 710 1289 Innnsnmsslnn
732 1242 781 1285 nn
805 1224 1157 1295 Excnnnnnnlsslnss

486 1335 651 1403 Donum!

276 1448 438 1612 Didici
453 1550 492 1597 ex
516 1533 629 1598 Status
647 1528 844 1600 Conssliario
867 1532 1069 1599 contrarium
1088 1535 1159 1601 eius

237 1649 330 1727 quod
353 1668 391 1711 ex
414 1648 577 1712 Davansno
601 1648 841 1728 intellexeram,
867 1647 927 1712 iam
955 1647 1085 1712 vivente
1105 1648 1161 1711 ad-

234 1760 300 1824 huc
319 1758 485 1825 Cardinali
504 1757 694 1839 Riceliaci),
720 1761 767 1825 ita
782 1760 927 1824 innexam
953 1758 1059 1824 federe
1081 1759 1161 1826 Gnl·

234 1871 310 1937 liam
340 1888 413 1934 cum
441 1869 529 1954 Rege
558 1869 738 1952 Regnoque
766 1870 1003 1953 Portugalliae‚
1034 1885 1072 1934 ut
1102 1872 1160 1938 nili

235 1982 283 2046 eis
310 1978 547 2065 comprehensls
571 1998 682 2062 pacem
708 1981 810 2046 facere
836 1999 902 2044 non
927 1983 1045 2063 pnsfit.
1092 1987 1162 2048 Ad-

235 2093 331 2161 debat
356 2094 407 2177 is,
430 2114 471 2160 ex
497 2111 564 2177 quo
587 2096 655 2160 haec
680 2093 804 2175 didici,
830 2095 987 2177 quendam
1007 2100 1163 2180 collegam

234 2208 329 2274 suum
356 2207 408 2272 his
434 2208 549 2269 diebus
575 2224 610 2267 ea
636 2207 673 2266 de
701 2227 732 2268 re
765 2209 865 2290 egisse
892 2229 965 2272 cum
994 2211 1162 2274 Cardinali

234 2317 423 2389 Mazarino.
471 2314 638 2380 Catalanis
662 2314 774 2380 itidem
797 2318 1013 2401 promissum,
1042 2339 1079 2382 ne
1097 2339 1161 2401 pax

236 2430 317 2512 fiat,
342 2428 401 2496 nili
426 2427 502 2512 ipsis
532 2428 589 2494 sub
617 2429 752 2513 imperio
777 2428 908 2498 Gallico
933 2434 1159 2514 manentibus,

239 2545 381 2627 scimus,
413 2562 452 2608 ex
480 2543 549 2626 ipso
580 2541 709 2624 federe,
738 2544 828 2626 quod
851 2548 1028 2613 multorum
1054 2565 1103 2612 est
1127 2550 1162 2612 in

237 2658 407 2738 manibus,
424 2675 480 2722 nec
503 2671 567 2719 tam
583 2657 667 2717 clam
690 2658 849 2736 habetur,
872 2680 968 2739 quain
985 2663 1069 2726 illud
1086 2681 1160 2725 cum

225 2768 452 2851 'Portugallis.
511 2765 625 2830 Velint
670 2765 758 2834 Galli
789 2770 882 2833 etiam
918 2789 991 2836 cum
1026 2773 1157 2836 Batavis

236 2883 429 2962 facem-ne
454 2891 511 2944 aut
531 2898 594 2961 pax
618 2896 680 2952 autv
696 2881 837 2950 induciae
863 2883 919 2951 nis1
946 2887 1160 2951 communiter

235 2996 330 3064 fiant.
385 2995 471 3059 Cum
496 3010 573 3057 vero
595 3012 660 3056 non
685 2995 729 3059 ita
752 2997 863 3064 fractae
886 2999 947 3065 fint
969 3001 1055 3064 vires
1082 3000 1161 3064 His·

236 3109 366 3194 paniae,
388 3121 426 3175 ut
448 3105 534 3175 credi
565 3103 668 3190 posfit
691 3122 747 3174 aut
773 3111 842 3176 inre
869 3112 903 3177 in
925 3113 1159 3195 Portugalliam

110 3232 112 3236 '
236 3224 391 3291 abstitura
414 3233 471 3286 aut
495 3220 673 3285 Cataianos
698 3221 852 3292 relictura
878 3226 1009 3301 Gallis,
1034 3237 1071 3287 ut
1097 3225 1160 3288 iam

235 3333 274 3397 de
301 3331 433 3400 llatavi8
460 3330 542 3397 nihil
566 3330 690 3415 dicam,
714 3334 845 3402 videtur
869 3337 1036 3402 Cardinali
1060 3338 1158 3404 Rice-

235 3443 322 3510 liaeo
347 3442 379 3507 id
402 3441 501 3508 luisse
525 3446 752 3529 propositum,
782 3464 821 3512 ne
854 3467 918 3531 pax
941 3470 1080 3534 unquam
1103 3449 1158 3513 fie-

236 3571 307 3624 ret:
351 3556 434 3622 unde
460 3571 491 3620 et
518 3561 702 3625 moriturus
730 3560 812 3626 nihil
834 3563 933 3647 magis
962 3563 1044 3646 Regi
1070 3581 1159 3628 com·

233 3671 396 3740 mendavit
422 3688 517 3753 quam
547 3670 622 3732 belli
651 3672 916 3750 persecutionem.
962 3675 1047 3743 Cum
1075 3696 1156 3744 vero

236 3785 421 3855 cardinalis
452 3781 643 3855 Mazarinus
672 3781 832 3859 Riceliaci
872 3789 1022 3879 vestigiis
1057 3790 1154 3857 ferme

1096 3918 1154 3984 per
