2834 4830
235 384 277 450 μ
369 354 1028 438 uuuourscuoru

236 536 381 601 omnium
403 538 571 603 nationum
597 539 629 603 iu
655 558 693 604 eo
718 537 823 618 verti,
853 554 892 602 ne
924 556 980 602 rex
1009 555 1095 605 unua
1124 537 1165 604 da

236 649 388 716 omnibus
418 651 588 735 vectigalia
614 652 745 735 exigat,
777 667 898 733 quanta
926 653 1022 734 vult,
1046 653 1164 718 sortem

235 763 427 844 totam,ubi
443 766 610 847 voluerit,
627 765 838 848 absorptura:
859 764 987 831 Suedos
1005 784 1071 830 uon
1089 766 1166 831 alie·

233 892 296 938 nos
321 874 393 943 fote
417 898 435 944 a
462 898 560 962 pace,
584 879 661 945 dunr
686 879 841 947 securitas
860 878 938 963 ipsas
961 877 1108 958 constet,
1133 890 1166 942 et

233 985 340 1055 federa
369 993 523 1075 antiqua,
554 973 586 1058 et
611 992 766 1078 gentibus
793 992 947 1058 omnibus
963 990 1168 1056 'commercia

233 1121 307 1166 curn
327 1102 458 1171 suedis.
484 1106 603 1187 Dixit,
621 1125 686 1173 rem
702 1104 763 1173 libi
780 1090 874 1171 cordi
889 1103 974 1171 fore.
1005 1100 1165 1183 Addidit,

235 1228 348 1294 optare
378 1214 407 1278 se
436 1230 475 1279 ut
502 1219 707 1282 cardinalem
739 1218 885 1295 videam,
920 1234 1023 1294 neque
1058 1218 1090 1280 in
1128 1233 1170 1280 eo

223 1324 404 1422 'dignitatis
427 1327 498 1393 tale
517 1328 721 1414 periculum,
753 1327 848 1412 posse
874 1327 1055 1393 enimcum
1084 1328 1166 1394 aditi

136 1494 138 1498 ,
233 1454 302 1503 non
319 1453 355 1503 ut
380 1441 608 1523 Cardinalem,
623 1443 656 1506 id
675 1455 746 1520 est,
771 1440 867 1523 Papae
885 1438 1097 1519 assessorem,
1114 1440 1166 1504 sed
1198 1499 1200 1508 .

235 1565 273 1616 ut
295 1554 481 1620 ministrum
499 1554 632 1639 Reginae
649 1553 784 1643 Galliae.¹
824 1552 899 1636 Ego
926 1567 1025 1630 vero,
1053 1570 1168 1632 quarn·
1188 1534 1190 1544 ¹

134 1661 136 1666 ’
237 1685 331 1745 quam
364 1669 397 1729 in
424 1686 462 1730 eo
489 1667 560 1748 ipso
588 1667 733 1732 viderem·
759 1665 966 1747 periculum,
991 1665 1081 1744 quod
1109 1667 1168 1732 nri·

212 1776 337 1842 'nister
361 1775 462 1862 Regis
488 1778 605 1845 Gallia
632 1781 757 1863 legatos
781 1776 922 1841 aliorum
948 1776 1074 1860 Regum
1098 1795 1183 1844 non·

235 1906 274 1953 ex
310 1906 408 1970 aequo
441 1889 623 1970 aspiceret,
671 1887 754 1952 nihil
785 1887 876 1950 aliud
908 1885 1167 1967 respondendam

236 2001 336 2081 duxi,
370 2019 466 2084 quam
492 2020 590 2083 penes
628 2019 675 2065 rne
701 2000 733 2066 id
761 2019 827 2064 non
852 1998 953 2081 stare,
985 2003 1169 2082 pariturum

235 2133 284 2179 nrt
306 2113 496 2198 praeceptis.
549 2113 705 2195 Princeps
717 2113 912 2195 Condaeus,
933 2127 971 2180 ut
987 2128 1039 2180 est
1060 2115 1168 2183 erudi·

236 2241 291 2290 tus
304 2228 418 2305 ,etiam
435 2225 611 2288 sennonem
626 2227 740 2289 habuit
757 2227 795 2288 de
812 2228 904 2309 gravi
920 2227 1167 2310 controversas,

237 2358 309 2419 quae
333 2354 421 2399 nunc
441 2335 605 2420 agitatur,
632 2337 666 2402 in
698 2356 793 2404 unatn
815 2352 940 2421 partem
967 2339 1006 2405 ab
1035 2339 1165 2406 ieluitia

235 2467 266 2513 et
287 2449 479 2531 monachis,
499 2450 532 2515 in
553 2452 684 2516 alteram
707 2451 745 2516 ab
775 2451 954 2536 Episcopia
979 2467 1011 2518 et
1039 2453 1167 2520 Sorbo·

211 2630 214 2637 .
234 2565 343 2645 nicia,
371 2569 466 2646 luper
491 2565 608 2646 poenis
632 2565 833 2657 canonicis:
858 2566 925 2635 diui
940 2568 1097 2654 ego·‚;ita
1118 2584 1166 2632 mr

234 2677 386 2743 arbitrari
413 2697 485 2744 cunr
517 2676 684 2742 Cardinali
716 2677 916 2756 Groppero,
948 2699 1056 2746 veram
1089 2697 1167 2744 cau·

235 2786 299 2850 saur
321 2785 466 2869 dissrdii,
488 2807 554 2868 quo
569 2785 715 2875 Ecclesia
730 2780 857 2853 divulsa
872 2803 944 2869 eat,
963 2789 1051 2870 esse,
1075 2787 1168 2872 quod

237 2899 325 2986 apud
355 2918 412 2965 eoa
444 2899 503 2982 qui
527 2900 666 2968 Romam
698 2900 875 2986 respiciunt
900 2900 1077 2988 disciplina
1101 2903 1170 2970 Ec·

237 3013 338 3079 clesrae
365 3033 431 3079 non
459 3016 566 3081 laxata
593 3014 655 3095 srt,
684 3016 740 3081 sed·
761 3021 855 3100 plane
880 3015 1056 3083 exstinctaa
1098 3034 1169 3082 carn

235 3127 348 3194 debere
372 3126 520 3209 restitui,
549 3126 835 3215 degradationi-bur
861 3131 895 3198 in
918 3129 1106 3214 Episcopos
1131 3141 1166 3195 ct

232 3242 451 3324 Presbyteroa
476 3244 557 3308 male
576 3245 746 3327 viventes,
765 3240 1164 3312 excommunicationibus

234 3370 265 3417 er
292 3355 366 3418 allis
390 3352 673 3426 satisfactionibus
697 3361 732 3426 in
758 3375 839 3438 eoa,
875 3355 952 3438 qui,
984 3375 1059 3423 cunr
1087 3352 1163 3420 laici

235 3464 317 3544 bnt,
353 3465 387 3532 in
426 3469 493 3536 illis
538 3471 730 3539 criminibus
764 3468 1048 3562 deprehenduntur
1088 3487 1162 3548 qua

235 3579 448 3649 Christianos
479 3582 654 3653 dedecent:
699 3587 816 3653 haere
844 3597 957 3649 curata
977 3579 1159 3649 faciliorem

233 3691 305 3760 fore
335 3695 421 3763 viam
452 3694 491 3762 ad
526 3694 754 3762 concordiam.
801 3694 1006 3776 obiicienti,
1038 3697 1160 3763 multos

233 3809 362 3879 nobiles
390 3810 485 3880 nllr‘di
507 3807 657 3880 facturos
676 3808 882 3899 disciplinam
896 3806 1051 3881 Eccleliae
1071 3825 1160 3885 earn,

394 3945 396 3949 ¹
1090 3937 1162 4002 quae
