2834 4830
150 326 152 330 ·
229 307 275 385 56
375 301 714 368 HUGONIS
759 295 1035 367 GROTII

116 516 118 523 «
232 437 318 535 dixit
348 469 382 533 in
413 468 545 533 Batavis
578 471 666 551 apud
698 469 846 544 multos,
878 477 909 529 et
946 464 999 529 hic
1031 466 1157 532 Comlti

232 582 413 666 Bryennio.
461 582 547 648 Cum
572 581 658 661 apud
684 600 731 644 me
757 579 892 661 pransus
916 576 1024 660 esset,
1050 593 1083 646 et
1107 598 1165 663 per

233 698 408 786 prandium
433 696 500 760 soli
523 694 664 759 essemus
692 692 771 772 diu,
795 694 877 763 nihil
904 694 984 763 mihi
1011 693 1095 762 dixit
1125 693 1165 759 de

234 812 298 890 iis,
324 833 395 894 quae
425 821 531 893 egerat
556 806 644 892 apud
667 805 892 886 Cardinalem,
921 808 1106 891 Principem
1133 819 1168 871 et

232 924 341 1004 ali0s3
376 943 500 1005 quare,
525 944 600 990 cum
622 939 670 985 me
692 940 799 988 rerum
820 921 949 988 suarum
972 922 1169 1003 participem

233 1054 303 1103 non
328 1033 451 1116 faciat,
475 1057 606 1118 aequum
632 1049 704 1116 est,
728 1054 766 1100 ne
797 1055 857 1120 ego
881 1037 975 1107 illum
1006 1053 1164 1103 mearum.

232 1150 395 1230 Accedit,
421 1148 532 1231 quod,
555 1169 629 1216 cum
645 1148 782 1230 pessrmo
797 1150 863 1215 huc
881 1150 915 1216 in
928 1168 976 1224 me
994 1147 1167 1231 proposito
1193 1149 1200 1159 “

234 1264 383 1338 venerit,
416 1272 454 1322 ut
480 1277 520 1320 ex
545 1260 726 1322 multorum
755 1260 859 1327 relatu
884 1262 1051 1344 cognovi,
1096 1261 1168 1324 iure

236 1386 370 1452 metuo,
403 1388 463 1451 ne,
488 1388 560 1452 quae
578 1376 604 1434 'a
630 1385 679 1436 me
707 1369 839 1449 audiat,
865 1370 982 1440 referat
1008 1384 1168 1456 corrupta

236 1502 336 1570 atque
353 1485 519 1560 distorta,
546 1482 637 1562 quod
661 1500 732 1549 eum
756 1481 860 1549 facere
878 1481 978 1546 solere
994 1482 1168 1566 intelligo,

117 1579 121 1601 ⁸
238 1617 336 1682 quare
362 1598 407 1662 ita
430 1593 567 1675 iudico,
592 1611 659 1659 non
684 1593 780 1677 posse
804 1612 852 1667 me
877 1607 954 1668 tuto
982 1610 1085 1677 neque
1106 1594 1169 1667 ha.
1218 1595 1220 1603 ’

236 1724 330 1774 neate
354 1710 425 1771 eius
455 1708 506 1772 uti
534 1706 783 1782 consuetudine.

647 1901 759 1977 ΧΙΙΙ.

237 2100 284 2177 n.
326 2097 569 2172 rounuur
620 2056 1068 2170 oxnusrmunrn
1109 2121 1165 2176 er

43 2206 45 2213 ⁸
278 2211 325 2289 D.
351 2213 598 2289 10HANN1
630 2213 861 2278 ADLERO
895 2213 1122 2301 SALVIO,

418 2351 553 2436 Reginae
580 2346 707 2422 Suediae
734 2365 799 2423 etc·
828 2350 977 2436 Legatis.
1058 2372 1060 2379 ¹

406 2550 687 2617 lunusrnrssrur
708 2567 757 2623 nr
779 2549 1125 2640 Eucucunumssrur

482 2663 644 2728 Domrrul

277 2753 392 2901 Die
418 2831 510 2894 Iovis
536 2831 656 2914 Regem
680 2843 714 2894 et
729 2829 897 2916 Reginam
917 2829 1092 2916 Regentem
1114 2834 1166 2899 vi·

238 2944 294 3024 di,
332 2945 476 3008 valentes
509 2944 641 3023 ambos,
676 2943 818 3029 Regem,
846 2944 943 3028 supra
976 2965 1072 3028 quam
1102 2944 1167 3012 fert

237 3053 317 3119 aetas
344 3052 511 3137 sexennis,
541 3074 681 3138 corpore
715 3074 747 3121 et
780 3058 911 3141 ingenio
941 3073 1163 3141 praestantem.

239 3165 439 3232 Gratulatus
466 3169 598 3251 utrique
619 3167 686 3234 sum
709 3166 747 3232 de
766 3168 979 3255 Gravelinga.
1026 3170 1107 3238 Dixi
1127 3187 1167 3233 ex
1268 3188 1271 3203 ·

202 3362 204 3367 ⁴
237 3277 378 3344 historia
404 3292 563 3342 veterent
591 3298 678 3345 nova
703 3302 776 3363 quae
801 3283 847 3347 rei
872 3283 1047 3379 conuenire
1075 3282 1165 3349 vide-

237 3390 371 3455 bantur.
426 3389 550 3456 Addidi
574 3394 719 3474 quaedanr
745 3397 783 3459 de
810 3395 906 3461 relius
934 3398 1060 3464 nostris
1087 3413 1166 3460 con·

239 3516 289 3568 tra
308 3503 445 3583 Dauos,
469 3503 509 3570 ad
526 3527 598 3586 quae
622 3507 704 3574 nihil
719 3507 845 3594 Regina
863 3511 1012 3596 lingens:
1038 3519 1165 3571 tantum

237 3615 301 3680 hoc
324 3628 443 3680 testata
464 3631 536 3697 est,
560 3638 628 3685 non
651 3620 800 3686 dubitare
825 3622 875 3700 se,
909 3620 988 3701 quin
1019 3636 1071 3683 res
1101 3617 1164 3684 suae

236 3743 401 3814 prosperae
441 3732 596 3818 gaudium
634 3733 767 3820 lleginae
811 3745 936 3800 nostrae
981 3727 1158 3797 adferrent.

1074 3845 1161 3909 Cau·
