2834 4830
338 321 643 392 EP18·TOLAE
686 325 980 393 lNEDITAE.'
1078 329 1125 408 85

184 491 332 561 koczius
353 495 522 560 iuberetur
541 513 626 560 arma
650 514 792 578 ponere,
815 510 853 560 ut
872 495 1001 561 Latinis
1028 494 1117 565 resti«.

185 623 323 675 tuantur
347 610 457 674 claves
481 609 645 674 sacrorum
668 609 841 688 locorum,
880 628 963 691 quas
988 607 1028 674 ab
1055 607 1116 672 ali·

184 742 254 802 quo
278 738 423 805 tempore
445 722 556 791 Graeci
580 736 703 787 tenent.
775 721 920 787 Videtur
942 720 1023 804 nihil
1049 719 1115 785 effi·
1165 784 1166 787 ,
1274 753 1276 757 ·

70 902 73 909 ,
181 852 265 900 cere.
311 837 443 922 Interim
466 835 506 902 ad
531 835 706 900 Sultanum
731 837 854 918 perlata
879 836 956 902 sunt
980 849 1113 899 centum

168 960 211 1023 ‚ct
238 950 479 1037 quinquaginta
501 948 603 1014 millia
623 946 858 1028 sequinorum‚
888 967 927 1013 ex
951 946 1111 1013 thesauris

178 1061 316 1145 tepentis
334 1063 422 1144 apud
438 1063 616 1127 Tunetem.
660 1061 761 1126 Forte
783 1062 833 1126 illi
849 1060 924 1125 sunt
948 1051 1121 1139 thesauri,'‘

176 1175 216 1239 de
259 1175 381 1257 quib'us
423 1176 502 1241 olim
537 1173 697 1242 Cesellius
733 1173 854 1240 Bassus
893 1173 1111 1241 somniaverat

174 1290 263 1370 apud
280 1288 450 1354 Tacitum.
495 1287 681 1367 Audimus,
701 1287 767 1353 LV
781 1287 989 1355 Ducatornm
1009 1287 1112 1357 millia

174 1419 192 1465 a
214 1401 356 1484 Neapoli
372 1399 600 1467 Mediolanum
618 1402 726 1467 mitti:
754 1415 869 1482 quater
894 1415 1001 1468 autem
1020 1401 1110 1467 mille

172 1513 282 1598 augeri
299 1514 479 1581 exercitum
496 1513 719 1596 Hispanicum
735 1515 769 1579 in
786 1514 968 1580 Catalania.
1024 1514 1109 1585 lece,

171 1623 273 1707 ltine,
296 1642 416 1708 praeter
431 1626 756 1716 Luxemburgicum,
780 1630 876 1695 etiam
893 1627 1108 1697 Trevericutn

146 1736 284 1824 ‘agrum
314 1754 346 1806 et
383 1742 533 1825 ptoxima
566 1743 716 1810 Mosellae
747 1744 872 1809 servata
940 1739 1105 1805 Iohannes

169 1864 278 1926 autem
296 1853 466 1912 Waertius
489 1853 543 1913 bis
569 1856 657 1915 mille
679 1867 712 1914 et
740 1856 959 1936 quingentos,
984 1852 1105 1930 partim

168 1960 323 2045 pedites,
354 1960 474 2042 partim
501 1962 651 2045 equites,
683 1961 808 2028 dicitur
839 1955 1028 2028 Hazfetdio‘
1047 1961 1105 2027 ad·

167 2073 301 2139 ducere.
367 2075 448 2141 Dux
478 2074 625 2143 Bavares
661 2077 784 2142 interea
814 2075 950 2141 militem
976 2092 1105 2141 novum

162 2185 284 2269 'scribit
311 2186 398 2270 apud
422 2188 572 2271 Ulmam,
596 2193 785 2277 Augustam
812 2207 844 2256 et
869 2188 960 2257 alibi.
1037 2190 1104 2258 Ce-

163 2299 252 2382 pisse
275 2314 384 2367 autem
409 2301 481 2368 eius
510 2302 631 2369 milites
663 2302 823 2370 dicuntur
855 2304 1102 2385 Crombachum

165 2429 198 2478 et
222 2413 421 2479 Brukselam.
469 2392 688 2480 Marescnllus
715 2394 1116 2497 Castitionaeus'mei-'

166 2546 216 2593 nae
235 2525 449 2590 Boutevilliae’
459 2543 499 2589 ex
517 2527 648 2589 decreto
665 2525 859 2591 Parlamenti
880 2529 1100 2612 fignificavit‚

162 2657 204 2706 ne
226 2657 262 2703 ea
284 2636 382 2702 filiam
406 2637 494 2702 suam
523 2637 592 2704 filio
620 2636 721 2721 ipsius
749 2654 890 2723 nuptum
918 2637 1007 2703 daret
1032 2620 1106 2703 stnev

161 2750 220 2818 suo
248 2750 391 2817 assensu.
458 2751 583 2834 Regina
609 2752 739 2816 interim
772 2771 825 2817 eas
853 2753 986 2835 nuptias
1016 2771 1097 2835 pro·
1135 2839 1138 2842 Ι

161 2879 289 2929 movet.
356 2865 443 2928 Dnci
471 2865 713 2948 Longevillano
738 2838 928 2935 concessum
954 2880 1028 2943 est,
1053 2877 1094 2930 ut

160 2976 199 3041 stt
223 2974 261 3040 de
288 2970 437 3041 Constlio
461 2976 658 3062 Regiminis.
702 2978 757 3044 Ex
779 2968 1001 3043 Francosurto
1025 2975 1095 3042 dis·
1187 3050 1189 3055 ¹

159 3091 288 3171 cimus,
321 3089 400 3156 dure
432 3090 608 3157 tractoria
635 3091 750 3157 ‘Gallis
780 3108 892 3172 agrum
929 3089 1092 3155 Darmsia·

158 3203 316 3270 diensem:
364 3202 567 3270 Caesarianos
598 3201 724 3284 aliquid
750 3199 910 3287 cogitasse
940 3202 978 3264 de
1009 3202 1091 3266 reci·

158 3317 280 3400 piendo
300 3336 357 3398 per
374 3318 510 3402 glaciem
528 3316 809 3400 Philippiburgo,
833 3314 888 3378 sed
909 3314 973 3380 s1ne
994 3331 1091 3379 even·

149 3444 211 3497 tu.
256 3430 371 3516 Magni
394 3433 429 3495 in
457 3434 525 3499 illis
551 3420 638 3497 locis
663 3428 738 3495 sunt
766 3446 913 3494 rumores
938 3427 977 3492 de
999 3428 1091 3494 Tut-

158 3545 231 3623 cis‚
254 3564 368 3631 magna
384 3544 556 3611 Gallorum
577 3544 717 3627 pecunia
735 3541 877 3626 emptis,
900 3555 938 3606 ut
965 3542 1087 3606 bellum

158 3652 299 3719 iacerent
321 3659 532 3744 Imperatori,
558 3657 616 3739 qni
640 3676 657 3722 a
680 3655 821 3721 Lintzio
847 3657 957 3720 iturus
979 3650 1089 3715 crede·

158 3765 256 3832 batur
280 3783 337 3831 aut
363 3771 496 3856 Ptagam
522 3786 579 3863 aut
606 3769 833 3834 Neustadium.
900 3764 1087 3829 Electorem
1169 3856 1171 3865 Ι

587 3881 656 3961 Ρ3
1034 3889 1091 3938 au·
