2834 4830
231 361 277 449 st
367 324 1112 441 nooontsonostt-

236 534 344 619 Roma
370 523 600 624 abiretfcIam
628 564 702 610 cum
723 544 812 629 Papa
841 541 1064 607 collocutum.
1106 537 1172 604 Ar·

235 669 287 717 ma
311 653 345 737 in
373 655 467 723 italia
496 658 687 737 quiescunt.
765 657 924 733 Venetis,
958 653 1016 738 qui
1050 664 1083 717 et
1112 650 1172 737 ipss

46 814 49 821 ·
105 838 108 844 ,
237 765 383 834 Tutcam
411 783 583 851 metuunt,
620 767 833 852 permissum,
868 769 955 833 mille
980 766 1108 833 'milites
1138 765 1173 831 in
1263 844 1267 855 ι

236 881 414 966 Papalibus
441 885 536 949 tetris
568 884 786 951 conscribere.
830 882 919 968 Papa
946 896 1065 946 nonem
1091 877 1174 944 fecit

234 993 430 1062 Cardinales
459 1017 590 1078 novos,
613 1016 682 1062 non
704 1015 744 1061 ex
763 996 889 1080 Regum
915 992 1176 1079 commendatio·

236 1126 300 1190 ne,
325 1110 377 1174 sed
400 1110 518 1195 suopte
535 1112 711 1179 arbitratu.
757 1112 877 1179 Melita
901 1128 921 1176 o
941 1107 1063 1194 viginti
1086 1107 1173 1173 mille

235 1223 428 1288 hominibus
454 1223 668 1308 defendetur,
697 1224 721 1294 ss
741 1243 780 1290 eo
802 1221 831 1289 se
850 1222 904 1292 vis
925 1222 1071 1289 Tureica
1093 1236 1176 1285 con·
1270 1256 1273 1263 ·

234 1337 364 1402 tulerit.
411 1336 466 1404 Eut
490 1335 617 1404 Rosts
609 1357 644 1403 m
670 1337 843 1405 Cottianis
866 1336 1001 1421 eruptio
1031 1333 1119 1402 feets
1140 1347 1175 1398 et

235 1449 399 1532 repulsate
423 1467 488 1515 est.
545 1453 616 1530 At,
642 1452 699 1532 qui
726 1452 761 1516 in
784 1451 890 1515 Ilerda
910 1451 1099 1532 vicinisque
1124 1449 1176 1512 lo·
1265 1534 1271 1545 x

235 1561 287 1628 cis
311 1561 408 1645 sunt,
439 1562 582 1647 Hispani
603 1562 788 1644 Trainum,
812 1562 987 1627 commodo
1011 1559 1053 1628 ed
1077 1557 1176 1627 ttine-

236 1692 310 1739 rum
343 1676 507 1738 transitus
540 1675 603 1740 sttu
635 1679 772 1756 locum,
806 1674 969 1740 obsident.
1012 1672 1016 1679 '
1043 1664 1175 1740 eonire

236 1784 384 1850 Mottam
404 1784 634 1868 Lotlntringiae
652 1789 777 1851 vnilum
797 1783 998 1851 obsidionale
1019 1784 1083 1850 iam
1103 1803 1178 1867 pet·
1247 1863 1250 1869 Δ
1283 1821 1288 1828 ·

236 1896 363 1964 fectum
390 1895 528 1965 dicitur.
592 1897 674 1966 Haec
699 1897 777 1967 sunt
797 1918 871 1983 quae
893 1916 983 1966 nunc
1004 1900 1176 1964 habentus.

143 2033 145 2038 ’
236 2017 329 2081 Deus
351 2031 463 2096 pacem
487 2011 542 2085 det
568 2012 771 2079 Christianis
798 2014 976 2103 gentibus,
1000 2012 1175 2095 idemque,
1254 2106 1257 2111 Ι

237 2127 458 2195 illustrisiimi
476 2141 509 2191 et
524 2112 815 2223 Excellentisstmi
813 2126 978 2210 Domini,
1001 2126 1176 2196 Excellen

239 2270 296 2332 tiis
314 2268 447 2329 Vestris
472 2265 531 2326 'det
558 2268 666 2330 omnio
686 2244 859 2350 prospera.
934 2231 1176 2330 Lutetiae—'SY

237 2404 356 2473 Martii
377 2419 604 2484 cimocxuv.
1102 2332 1175 2383 xxv

144 2496 145 2503 '
452 2506 455 2512 “
672 2497 890 2568 Exceilentiis
913 2497 1050 2566 Vestris

609 2702 612 2707 ἦ
679 2613 833 2682 inservire
856 2612 1082 2697 puratisfimus

822 2724 872 2815 ῌ.
902 2727 1135 2798 Gnou1us.

281 2893 448 2964 Audimus
474 2894 549 2974 hic,
574 2897 730 2965 Axelium
757 2897 880 2965 Lilinm
901 2898 991 2981 apud
1014 2897 1177 2966 Mansfel·
1193 2938 1213 2989 3

241 3011 326 3075 diam
342 3009 430 3088 esse,
457 3026 493 3077 ot
512 3011 711 3076 munimenta
728 3013 757 3076 ei
775 3014 852 3076 loco
871 3010 1039 3079 detr'ah'ttt
1065 3013 1178 3080 Land·
1201 3043 1205 3051 ·

240 3126 390 3209 gravium
406 3117 613 3194 Fredericttm
635 3125 702 3192 esse
723 3126 756 3190 in
779 3126 940 3193 libertate.
987 3128 1024 3192 In
1044 3128 1178 3207 Hyber-

200 3272 206 3282 -·
242 3241 297 3307 nia
323 3243 419 3308 multi
449 3241 599 3321 Hyberni
632 3242 859 3308 Protestnntes
889 3237 1182 3322 deprehenduntur

243 3351 430 3436 coniurasse
458 3355 498 3420 ad
524 3355 735 3437 expellendos
758 3356 914 3439 Anglos,
938 3370 1081 3439 quorum
1103 3353 1175 3420 stne

243 3463 325 3572 dum
349 3463 396 3534 ibi
425 3464 492 3536 fuit
516 3468 712 3538 dominatio.
