2834 4830
230 305 272 376 tn
370 262 1032 388 un'ooursonon'rr
1148 332 1158 362 .

641 443 775 573 xxrrss

235 697 282 767 D·
333 698 583 767 IOHANNI
627 697 1053 769 OXENSTIERNAE
1107 716 1167 765 u

277 812 324 883 D.
350 810 600 882 IOHANNI
628 812 862 882 ADLERO
895 811 1127 893 SILVIO,

427 955 560 1040 RegInae
585 953 713 1022 Suediae
734 969 800 1021 etc.
825 952 975 1042 Legatis.

382 1182 730 1250 Excrnnunrrssmtr
765 1202 816 1250 rra
846 1182 1128 1250 Inuusnarssrnrt

465 1297 626 1369 Donnu!

283 1414 443 1566 Comes
471 1496 670 1564 Harcurtius
694 1498 756 1562 iam
782 1497 863 1563 abiit
890 1497 924 1562 in
955 1495 1171 1564 cataloniam.

238 1606 318 1674 Dux
347 1607 615 1694 Longovillnuus
652 1611 685 1678 in
711 1610 948 1678 Normanniam
981 1609 1066 1689 ivit,
1096 1606 1173 1672 inde
1305 1616 1309 1625 ·

242 1719 374 1798 iturus,
399 1736 437 1784 ut
465 1737 625 1805 putatur,
650 1725 907 1811 Monosteriunr.
955 1722 1093 1790 Elector
1112 1720 1173 1784 Pa·

237 1831 363 1896 latinus
392 1845 425 1895 et
449 1831 516 1897 suis
538 1836 592 1899 hic
617 1836 779 1899 ministris
803 1835 971 1919 negotium
1000 1831 1110 1910 dedit,
1140 1845 1175 1895 et

239 1944 327 2009 alios
344 1958 460 2029 rogat,
478 1961 539 2027 ut,
561 1961 719 2029 quantum
738 1944 809 2013 fieri
825 1947 951 2031 possrt,
971 1944 1174 2028 impediant,

237 2075 279 2122 ne
303 2060 380 2124 Dux
409 2058 556 2125 Bavatus
584 2060 826 2144 consequatur,
858 2077 895 2128 ut
925 2062 959 2127 in
987 2061 1050 2126 hoc
1086 2056 1175 2124 bello

235 2171 297 2240 srbi
322 2173 486 2255 quiescere
512 2174 622 2242 liceat.
688 2179 719 2242 A
740 2174 963 2241 Francofurto
987 2172 1174 2250 discimus,

240 2285 480 2367 Imperatorem,
507 2285 668 2361 assensum
696 2285 874 2368 praebuisse
905 2286 934 2349 ei
967 2285 1035 2362 rei,
1078 2299 1175 2365 quam

218 2396 395 2481 'impedite
422 2414 488 2461 non
514 2411 663 2480 poter-at,
698 2416 811 2480 nempe
843 2412 882 2463 ut
916 2394 1048 2480 Imperii
1078 2413 1174 2471 mem,

239 2509 309 2575 bris
335 2510 431 2577 liceat
461 2510 536 2576 suos
561 2511 803 2578 Monasterium
827 2501 978 2594 mittere,
1002 2523 1100 2592 atque
1127 2508 1175 2575 ibi

239 2624 389 2690 conferre
413 2640 571 2710 quantum
595 2626 736 2710 quisque
756 2625 880 2707 poterit
901 2625 940 2691 ad
964 2625 1088 2690 bonum
1112 2643 1176 2706 pu·

238 2740 384 2803 biicnme
431 2739 596 2822 Epistolae
629 2738 674 2803 Ι).
693 2738 842 2802 Serviani
869 2737 952 2802 nihil
985 2736 1173 2817 responsum

237 2849 351 2930 aliud,
382 2848 463 2928 nist,
496 2853 575 2916 nihii
603 2864 700 2934 'opus
730 2851 798 2916 esse
828 2850 885 2916 uni
912 2852 1095 2936 legatorum
1126 2871 1175 2916 re·
1303 2842 1308 2849 ’

240 2962 420 3045 spondere,
452 2983 524 3028 cunr
557 2963 718 3030 ambobus
746 2963 933 3043 responsum
960 2964 1062 3031 essct:
1108 2965 1176 3032 esse

240 3077 352 3160 Pragae
369 3077 622 3162 imperatorem,
642 3091 678 3141 ut
696 3076 769 3139 inde
785 3075 969 3158 speculetur
985 3080 1060 3146 beili
1079 3099 1177 3144 even·

241 3202 319 3256 tuot
373 3190 509 3258 Viennae
545 3190 668 3275 scripta
699 3189 787 3255 edita
819 3207 934 3258 contra
963 3192 1176 3258 abolitionem

240 3301 460 3372 indefinitum:
503 3303 615 3379 Duces
628 3303 863 3390 Pignoredam‚
883 3302 1069 3385 Medinum,
1089 3305 1177 3371 'Ior-
1303 3356 1306 3360 .

127 3495 129 3501 ⁴
240 3413 377 3493 testum,
411 3416 683 3497 Salamancaenm,
718 3433 750 3480 et
776 3414 1035 3483 cameracensem
1059 3416 1178 3481 Archi·

232 3526 433 3625 episcopum
467 3530 553 3596 mitti
578 3532 617 3599 ab
643 3532 797 3612 Hispano
830 3531 869 3596 ad
902 3547 1011 3615 pacem
1044 3520 1186 3610 promo.'

235 3643 390 3711 vendam:
440 3642 531 3726 iungi
547 3643 662 3722 copias
686 3641 871 3720 Hazfeldii,
897 3642 1037 3721 Gotzii,
1063 3642 1178 3709 Waer·

236 3756 300 3840 nr,
319 3728 503 3833 'oauasnz
565 3752 903 3844 aeonnmnopon
935 3754 1084 3826 manaan
1120 3776 1177 3821 ve.

1102 3887 1174 3936 urs·
