2834 4830
302 318 636 388 'EPIST'OLAE'
672 319 950 407 INEDITAE4'
1059 342 1099 406 ³7
1138 347 1143 355 ’

74 496 78 546 2
117 558 119 565 ,
166 509 217 576 pte
253 491 441 575 exspectet,
487 491 545 572 qui
574 493 607 556 in
644 492 759 558 ultima
795 495 874 561 vitae
912 506 997 559 meta
1027 485 1093 560 esse
1195 501 1214 579 j

164 596 339 673 crediturss‘
376 609 447 674 Lex
468 605 691 687 proponitur,
726 621 765 670 ut
789 608 948 673 Castrum
977 608 1095 672 etalii

162 716 250 783 bello
288 735 384 802 capta
410 718 610 797 reddantur:
656 717 861 785 Mutinenser
894 721 969 787 lites
1007 724 1115 816 quas]
1227 790 1229 795 ,

135 841 139 860 ¹
161 827 279 897 Romae
305 834 401 898 habet
427 833 518 900 brevi
544 830 753 899 definiantur.
815 835 933 917 Neque
956 849 1086 913 tamen,-

163 959 199 1006 ut
234 946 368 1012 maxime
405 965 471 1030 pax
504 946 585 1028 fiat,
615 947 691 1013 Itali
724 947 894 1032 Principes
925 945 1090 1013 dimissuri

158 1053 233 1120 sunt
256 1054 383 1142 copias,
429 1061 477 1124 Et
503 1075 621 1127 contra
643 1061 813 1128 Barbarini
835 1061 990 1127 adversus
1015 1057 1087 1123 for-

157 1169 242 1234 ruina
265 1190 305 1234 ex
330 1171 480 1252 Viterbio
507 1190 539 1236 et
563 1174 693 1238 aliunde
715 1174 1012 1250 militemRouram
1030 1170 1088 1235 ad·

156 1298 304 1348 vocant..
350 1282 388 1348 ln
414 1302 494 1364 pace
519 1305 592 1366 quae
607 1287 811 1367 proponitur
824 1299 857 1349 et
871 1285 936 1353 hoc
954 1299 1026 1363 est,
1048 1299 1088 1349 ut

155 1414 252 1460 novae
272 1397 471 1464 ,molitiones
504 1396 729 1464 destruantur:
772 1397 875 1479 utqu'e
899 1399 978 1463 Dux
1006 1396 1085 1462 Par·

155 1509 270 1575 mensas
298 1512 423 1578 reditus
450 1511 618 1593 persolvat·
638 1529 748 1577 earum
774 1512 968 1578 summarum
1001 1529 1084 1592 quas

151 1623 199 1690 ibi
223 1625 361 1690 Montes
381 1643 525 1691 vocant:
550 1643 582 1690 et
604 1642 642 1691 ut
667 1625 793 1711 Regina
816 1626 946 1708 Regens
964 1611 1084 1690 Galliae

152 1755 215 1817 pro
239 1737 346 1805 Duce
384 1739 543 1807 Parmensi
585 1740 711 1807 veniam
747 1758 766 1804 a
806 1740 894 1821 Papa
935 1754 1080 1820 expetat.

152 1849 227 1910 Rex
251 1851 440 1935 Hispania,
464 1853 568 1928 srquid
586 1854 777 1914 humanitus
800 1854 875 1914 huic
899 1852 995 1929 Papae
1010 1870 1083 1913 evc-

152 1959 242 2038 uiat,
267 1978 334 2024 non
357 1961 433 2027 vult
456 1961 559 2026 veniri
580 1960 622 2026 ad
643 1958 836 2023 electionem
860 1960 941 2026 novi
961 1960 1082 2041 Papa,
1107 1956 1109 1960 ’
1157 2018 1159 2023 .

151 2075 345 2155 priusquam
370 2092 482 2140 omnes
512 2089 671 2141 terrarum
695 2074 744 2141 sui
767 2075 897 2155 Imperii
922 2075 1083 2140 cardina·

35 2167 38 2177 ¹
96 2184 103 2257 ζ
150 2189 196 2250 les
219 2188 426 2266 advenerint,
473 2203 506 2252 et
535 2189 726 2272 largitiones
758 2184 840 2250 facit
874 2184 915 2249 ad
945 2186 1083 2271 triginta

150 2287 249 2365 miliia
271 2302 498 2380 scutatorum,
528 2301 570 2366 ad
594 2301 782 2368 emercnnda
804 2298 969 2385 suffragia.
1016 2300 1083 2367 lie·

78 2406 83 2413 ⁴
149 2416 223 2499 gina
253 2416 381 2498 Angliae
412 2417 562 2500 proxima
586 2415 718 2498 partui,
752 2433 893 2496 corpore
923 2429 1079 2499 praeterea

147 2506 282 2605 tabido,
318 2529 381 2592 ivit
412 2527 630 2607 Bristoiium,
665 2540 704 2590 ut
732 2527 778 2589 ibi
804 2542 902 2605 partu
926 2533 1075 2593 levetur:

147 2639 345 2729 voluitque,
370 2638 393 2704 sr
418 2638 519 2703 vitam
545 2638 811 2733 finiatacorpus
836 2634 978 2705 suumin
997 2639 1079 2705 Gai·

143 2755 218 2820 liam
244 2750 427 2838 reportari,
451 2768 491 2816 ne
514 2749 681 2819 Puritanis
706 2749 746 2817 fit
770 2750 928 2819 ludibrio.
974 2749 1077 2837 Regia

142 2869 272 2952 Angliae
297 2884 349 2931 res
377 2881 447 2929 non
474 2863 603 2944 optimo
629 2863 705 2929 sunt
730 2865 765 2930 in
790 2867 880 2933 loco.
925 2866 1013 2933 Nam
1041 2883 1076 2933 et

144 2981 249 3063 copiae
273 2979 367 3058 eius,
387 2995 460 3059 quae
482 2974 523 3041 ad
537 2975 820 3070 Namprhuichum
841 2995 957 3060 erant,
984 2977 1074 3045 caesae

143 3093 289 3176 fusaque
313 3092 410 3170 sunt,
441 3090 548 3173 captis
573 3089 754 3174 Regiorum
782 3092 869 3155 mille
891 3108 923 3156 et
952 3092 1073 3174 septin-

62 3174 75 3199 ⁸
144 3209 271 3294 gentica
302 3221 336 3270 et
358 3204 454 3271 Scoti
480 3202 578 3288 supra
602 3205 664 3268 XX
680 3203 781 3270 millia
802 3203 836 3268 in
854 3204 909 3270 via
932 3202 1008 3271 sunt
1031 3206 1075 3272 ai

144 3321 282 3386 Novum
291 3321 488 3387 Castellum.
533 3317 691 3401 Princeps
709 3317 881 3387 Robertus
901 3317 1073 3389 Palatinus

141 3435 253 3501 factus
283 3448 335 3498 est
361 3452 380 3499 a
409 3435 499 3520 Rege
521 3433 650 3519 Angliae
682 3433 762 3499 Dux
786 3433 1073 3514 Cumberiandiae,

25 3570 42 3638 ‘-
140 3563 173 3611 et
200 3566 240 3614 eo
280 3547 409 3614 nomine
440 3549 552 3614 locum
585 3545 838 3632 suffragiumque
870 3546 1001 3614 habebit
1036 3549 1073 3614 in

142 3659 369 3742 Parlament0‚
396 3659 488 3746 quod
505 3659 579 3726 Rex
595 3677 782 3726 convocare
798 3658 993 3737 constituit,
1016 3654 1073 3723 sed

55 3746 73 3761 ⁰
142 3771 186 3840 ob
208 3786 314 3841 certas
338 3775 372 3841 id
394 3777 538 3861 distulit.
584 3776 741 3855 iuterim,
767 3776 823 3854 qui
845 3773 932 3852 apud
951 3770 1074 3855 Regem

581 3889 609 3950 C
635 3906 658 3966 3
1006 3881 1081 3950 i'uttt
