2834 4830
233 322 273 401 p
353 304 1028 386 nuooursouoru

140 579 143 595 ¹
234 484 310 555 lunt
341 506 517 571 proceres,
550 487 703 572 seriplere
732 488 774 556 ed
802 488 1073 559 Parlamentarior
1104 487 1162 571 qni
1265 560 1268 565 ,

148 698 150 707 Ι
232 599 392 669 Lentinii
426 601 524 682 sunt,
561 618 593 666 et
634 619 693 666 eor
727 603 769 668 ed
802 601 1012 671 concordiam
1042 601 1164 669 inrita·

220 714 326 782 'runt
379 716 435 794 llll
459 732 523 798 pto
545 713 698 798 responso
724 714 834 782 misere
859 717 955 791 fedus
979 734 1054 782 curn
1081 716 1165 781 Sco·

118 895 120 901 .
234 829 281 893 tie
306 828 445 900 fecttrun
479 828 592 897 ,iidem
615 843 722 897 eutem
746 827 864 910 Scoti,
899 828 990 910 quod
1016 827 1167 894 viderent

237 941 382 1008 incusari
411 943 464 1025 se,
489 933 670 1028 quieseunt
699 962 860 1028 pauperes
888 942 947 1029 ipsi
977 960 1018 1007 ex
1037 938 1167 1023 Angline
1284 929 1286 935 ’

215 1056 359 1137 -opibus
384 1057 416 1121 se
441 1059 565 1122 vellent
588 1075 746 1141 pascere,
776 1055 903 1130 edidere
926 1055 1109 1138 scriptum,
1137 1053 1171 1118 in

237 1189 307 1249 quo
338 1188 407 1234 eam
438 1170 570 1252 culpant
599 1190 618 1234 e
645 1170 682 1234 ¹se
712 1169 937 1247 amoliuntur,
974 1167 1115 1253 staturos
1141 1164 1171 1228 se

237 1283 354 1346 dicunt
379 1279 565 1363 federibus,
587 1280 629 1347 de
654 1279 744 1366 Rege
773 1281 873 1344 verba
901 1272 1031 1346 faciunt
1063 1281 1171 1344 hono·

238 1391 351 1473 rilica,
375 1394 549 1462 maximum
571 1411 652 1461 uero
672 1391 889 1477 praedicantes
915 1391 1055 1459 studium
1077 1391 1171 1458 suurn

238 1526 302 1591 pro
328 1527 432 1590 pura,
454 1523 495 1575 ut
517 1524 586 1572 ettn
610 1521 753 1588 vocant,
787 1507 955 1592 religione.
988 1512 992 1517 “
1013 1505 1171 1586 Princeps

241 1620 389 1688 Thomas
415 1621 506 1688 brevi
533 1621 686 1688 abiturus
707 1621 784 1688 hinc
812 1620 966 1700 videtur,
989 1634 1028 1686 ut
1052 1619 1174 1687 bellurn

241 1735 275 1800 in
301 1735 490 1818 regionibus
513 1736 552 1800 ad
574 1735 698 1803 Padum
721 1750 824 1821 geret.
879 1734 968 1802 Galli
997 1733 1086 1800 ritca
1107 1732 1175 1799 Ge·

240 1865 356 1914 nevam
380 1847 512 1913 militem
536 1848 713 1932 coliigunt.
760 1848 800 1912 ln
830 1848 994 1914 Helvetiis
1024 1845 1107 1911 idem
1129 1845 1190 1929 fe·¹

244 1960 320 2030 cere'
341 1961 487 2039 volunt,
511 1955 565 2023 secl
588 1936 794 2026 obiiciuntur
826 1979 927 2027 morae
951 1980 970 2024 a
992 1975 1085 2044 gente
1108 1959 1177 2024 dis.

241 2073 361 2154 eonii,
386 2073 590 2160 tardigrada,
614 2073 699 2140 lucri
730 2074 864 2160 cupida.
911 2119 913 2129 ·
942 2072 1177 2140 Bavaricorum

238 2207 318 2272 pars
342 2191 478 2252 maxima
500 2188 540 2251 ed
563 2186 766 2270 Rithlingam
788 2203 853 2251 est.
898 2188 1039 2254 Ioannes
1066 2188 1177 2249 Waer·
1221 2245 1225 2253 .

136 2334 138 2339 .
241 2300 311 2363 tius
352 2295 554 2362 Constantiae
585 2296 821 2378 Hailbrunnae,
862 2299 964 2365 Cellae
1001 2297 1178 2364 necessarie
1250 2338 1254 2345 ·

245 2411 289 2476 nd
311 2411 433 2482 bellurn
456 2411 649 2494 victumque
672 2415 835 2498 congerit.
881 2413 1100 2495 Matescallus
1118 2412 1179 2478 Vi·

244 2542 394 2591 ceromes
422 2525 568 2592 <Turenae
602 2539 725 2611 purtem
764 2525 899 2593 suorum
939 2527 1107 2595 maximam
1140 2525 1180 2591 ad
1238 2573 1241 2581 λ

241 2635 537 2706 Remiremontium
561 2638 667 2706 adhuc
689 2640 808 2720 habet,
840 2655 964 2724 partem
993 2642 1026 2706 in
1055 2639 1181 2706 Alsatia

243 2765 278 2816 et
301 2754 386 2814 locis
414 2749 653 2837 superioribus.
711 2755 791 2821 Dur
820 2752 966 2818 Carolus
998 2752 1106 2832 opirna
1129 2770 1179 2816 re·

244 2863 331 2950 cipit
357 2861 506 2944 tributa,
532 2864 571 2929 ad
596 2865 700 2933 solius
723 2866 846 2934 Mottae
864 2862 1181 2932 defenssouemLXX

242 2977 331 3042 vicis
353 2980 430 3058 plus
456 2996 552 3059 quarn
580 2997 667 3064 opus
691 2994 742 3044 est
767 2980 1029 3046 conferentibus.
1083 2980 1193 3047 Pater.

242 3089 444 3157 Vincentius
471 3106 511 3159 ex
530 3109 571 3156 eo
597 3091 733 3172 ordine,
763 3092 819 3176 qui
842 3089 1006 3160 missionis
1034 3092 1179 3172 dicitur,
1289 3130 1294 3145 ·

244 3205 304 3290 qui
332 3205 506 3291 intereos
539 3204 645 3269 fuerat
679 3206 736 3289 qni
762 3207 1023 3301 Episcopatuunr
1051 3217 1085 3270 et
1112 3206 1180 3272 Ee·

243 3302 500 3387 elessasticornnr
534 3312 702 3384 functioni
735 3321 909 3399 intererat,
955 3337 974 3384 s
1010 3317 1179 3387 Cardinali

243 3428 443 3512 Macerino,
476 3431 584 3497 omnia
611 3433 651 3498 nd
674 3432 704 3496 se
729 3433 898 3512 trahente,
933 3432 1084 3498 demotus
1111 3446 1176 3496 cst.

243 3545 421 3633 Bregiucus
439 3545 634 3610 Parlamcnti
659 3544 806 3612 adsessor
833 3545 1012 3610 destinatur
1037 3544 1071 3610 iu
1101 3545 1181 3612 Sue·
1287 3526 1289 3535 Α

243 3657 328 3726 diarn
355 3675 387 3724 et
413 3657 572 3737 Dnniatn,
603 3661 818 3739 procurundee
852 3658 944 3742 pacis
980 3657 1086 3729 causa.
1142 3659 1181 3728 Iu

242 3771 443 3845 Catalaniam
468 3772 648 3842 mittuntur
675 3772 787 3842 Duces
811 3787 843 3839 et
869 3773 1033 3858 pecunie.
1087 3772 1179 3840 Reli·
1265 3856 1268 3869 μ

1107 3900 1181 3972 gro·
