2834 4830
637 355 757 435 (lv)

238 518 301 602 sis,
318 520 490 604 Epistolas
508 537 546 584 eo
564 521 750 599 contineri,
774 519 944 600 plerasque
962 517 1085 583 Latino
1102 514 1164 582 ser·

239 655 357 718 mone,
382 655 502 718 paucas
529 635 663 700 Suecica
688 637 797 718 lingua
822 631 1047 715 conscriptas;
1082 633 1165 696 vidit

236 750 272 813 in
301 750 341 811 iis
378 750 428 832 agi
463 749 500 810 de
532 749 627 812 rebus
658 747 838 811 Historiam
866 748 981 827 potius
1011 748 1175 826 Europae

236 860 417 924 universam
460 881 554 941 quant
594 863 786 943 peculiarem
824 861 945 942 patriae
983 856 1164 920 Historiam

133 988 134 993 ’
234 961 472 1057 spectantibus.
539 976 755 1060 Quamobrem
780 975 967 1041 ulteriorem
994 971 1091 1035 huius
1122 969 1166 1031 rei

150 1135 154 1145 .
213 1083 217 1089 ’
236 1085 477 1170 indagationem
503 1091 614 1154 tertiae
638 1092 763 1168 Clash,
778 1087 843 1167 ,cui
862 1087 900 1150 ab
919 1084 1071 1148 Historia
1090 1102 1166 1165 gen·

237 1199 323 1263 tiunr
356 1197 531 1263 universali
563 1215 595 1261 et
632 1202 797 1265 literarum
833 1213 1012 1262 exterarum
1048 1196 1162 1260 studiis
1268 1222 1271 1226 ·

236 1330 361 1395 nomen⁴
380 1329 450 1392 est,
491 1313 774 1402 commendandam
810 1313 874 1377 esse
910 1310 1056 1394 censuit,
1097 1325 1164 1389 quo

237 1422 360 1490 facturn
384 1435 517 1522 esunt
543 1429 637 1492 tertia
662 1429 784 1494 Clashs
811 1427 976 1508 persecuta
1003 1422 1041 1487 srt
1068 1435 1165 1501 atquc

236 1539 276 1602 ad
303 1540 396 1618 finam
425 1539 550 1604 tandem
578 1541 765 1622 perduxerit
786 1559 880 1619 quam
897 1538 1020 1603 sororia
1040 1533 1162 1602 Classis

236 1651 299 1714 iam
338 1630 547 1718 inchoaverat
573 1654 871 1738 investigationem.

278 1764 389 1849 Qutun
415 1782 521 1831 autem
551 1785 657 1831 rerum
690 1767 729 1831 ad
753 1768 863 1830 literas
891 1779 922 1828 et
953 1779 1037 1830 artes
1066 1761 1163 1848 perti-

190 1892 194 1900 ·
234 1881 381 1945 nentium
406 1882 440 1944 in
467 1883 529 1946 hoc
553 1881 668 1964 Regno
686 1867 888 1944 Administer
903 1881 965 1943 Vir
985 1879 1083 1957 ampl.
1111 1894 1164 1940 ro·

234 1993 362 2075 gasset,
389 1993 468 2074 quid
485 1994 557 2057 illae
575 1994 749 2073 Epistulae
771 1991 882 2054 afferre
900 1989 996 2070 posse
1018 1986 1166 2050 videren-

233 2119 288 2171 tur
308 2109 338 2168 in
361 2125 532 2166 commune
546 2107 720 2187 literarum
744 2101 979 2189 commodum,
1001 2076 1167 2179 respondit

234 2213 361 2285 ,Classis
396 2215 512 2293 tertia,
543 2215 651 2277 literas
684 2214 797 2295 Grotii
826 2233 906 2296 quae
932 2212 1056 2294 Codice
1085 2230 1165 2275 con·

235 2326 419 2391 tinerentur
451 2345 563 2390 omnes
599 2328 730 2409 publice
761 2326 898 2391 edendas
934 2325 1061 2406 videri,
1094 2343 1163 2404 quo

190 2494 196 2505 ,
234 2439 355 2523 infigite
379 2442 569 2505 collectioni
587 2441 813 2522 Epistularum
838 2442 949 2507 Grotii
972 2441 1033 2505 iarn
1060 2434 1163 2501 editae

236 2553 467 2618 incrementum
496 2555 683 2631 accederet,
707 2571 738 2617 et
763 2556 923 2620 addendas
951 2554 992 2618 iis
1018 2553 1165 2632 esseLa-

234 2670 321 2732 tinas
352 2665 580 2731 Oxenstiernae
608 2664 803 2744 Epistulas,
855 2666 977 2742 quippe
1012 2685 1093 2745 quae
1126 2665 1165 2729 ad

235 2777 419 2845 Historiam
453 2790 633 2857 temporum
665 2778 798 2840 illorum
827 2775 1052 2839 illustrandam
1077 2796 1166 2860 egre·

234 2892 284 2975 gie
317 2892 420 2956 valere
453 2889 598 2970 possent.
663 2891 794 2973 Quibus
830 2890 1002 2970 probatis,
1037 2891 1163 2970 editio,
1260 2968 1262 2972 y

238 3023 318 3084 quae
344 3022 430 3068 nutrc
460 3002 595 3084 prodit,
630 3016 740 3080 parata
771 3014 843 3076 est,
880 3002 977 3064 cuius
1005 3018 1041 3066 nt
1068 3004 1171 3067 intel-v

200 3120 202 3125 ’
233 3119 355 3201 ligatur
386 3117 466 3196 qtrid
500 3116 538 3179 lit
572 3114 762 3193 confilium,
806 3115 992 3178 accuratior
1023 3132 1073 3180 est
1110 3134 1163 3179 ex·

235 3232 375 3294 hibenda
405 3226 545 3292 Codicis
566 3226 763 3308 descriptio,
789 3241 858 3291 tum
883 3227 967 3291 ratio
992 3228 1171 3303 Editionis,

235 3341 428 3421 exponenda
458 3327 543 3407 est.¹

278 3455 393 3520 Codex
416 3472 466 3520 est
489 3458 742 3522 llannoveranae
766 3456 1008 3535 Bibliothecae,
1037 3433 1101 3533 144⁴
1113 3454 1164 3519 fo-

152 3605 154 3609 ·
234 3569 288 3635 liis
323 3568 494 3648 constane,
530 3569 634 3634 forma
667 3571 793 3635 maiori.
860 3572 952 3635 Duae
988 3567 1165 3643 sunteius

235 3684 473 3767 distinguendae
501 3697 631 3762 partes,
657 3686 775 3764 altera,
812 3703 854 3764 92
882 3681 1051 3766 prioribus
1076 3699 1164 3745 com·
1217 3662 1220 3667 ⁵

232 3797 384 3878 prehensa
410 3797 524 3878 foliis,
556 3797 728 3880 Epistolas
752 3798 868 3880 Grorii
893 3797 1049 3876 exhibet,
1082 3793 1162 3854 alte-

1075 3922 1163 3984 ram,
