2834 4830
382 354 1017 434 uursr.lncnn1snmceu.-
1050 386 1053 391 -
1103 370 1168 447 ης

648 641 765 711 vm.

350 842 355 853 ⁸
402 871 649 938 Nonrnrssrmrr
672 869 845 937 Dourrtnl

280 1013 473 1167 Tandem
501 1076 678 1180 aliquando
711 1094 756 1162 ad
781 1093 1089 1163 loaaTractatuum
1110 1106 1170 1175 Vh,

234 1207 288 1274 nit
312 1210 486 1292 primarius
511 1232 528 1278 a
554 1226 645 1294 parte
670 1211 810 1282 Caesaris
834 1206 1169 1301 plenipotentiariua‚

234 1320 284 1386 D.
311 1325 433 1390 Comes
456 1325 747 1399 Trautmansdorf.
828 1323 978 1409 Tempus
1009 1320 1171 1403 docebita

237 1435 319 1514 quid
339 1437 373 1502 in
394 1439 554 1504 mandatis
573 1441 688 1507 habeat
706 1455 738 1505 et
759 1441 812 1506 iric
837 1437 948 1505 moliri
971 1438 1077 1520 velita
1110 1450 1170 1523 pay.

234 1563 369 1629 cemne,
423 1555 550 1634 qualem
581 1553 695 1637 Regna
721 1554 863 1618 federata
893 1551 953 1617 fibi
986 1530 1172 1633 proposue-¹

167 1648 169 1653 ’
212 1672 335 1739 runt,
357 1674 390 1726 et
404 1661 577 1729 Germania
601 1686 696 1746 quam
724 1667 857 1731 maxime
888 1678 1004 1749 optat,
1026 1681 1066 1728 au
1088 1675 1169 1727 vero

176 1853 182 1862 '
232 1769 409 1851 speciosam
441 1773 530 1835 illam
574 1778 732 1838 internam
775 1777 903 1854 imperii
950 1791 1172 1855 compagem,

235 1900 301 1963 qua
337 1878 543 1962 composrta,
599 1881 719 1977 bellum
766 1881 881 1948 deirnie
921 1882 954 1945 in
998 1883 1172 1951 Germani·

234 2013 284 2061 cae
326 1993 490 2059 libertatis
539 1973 807 2082 propugnatores
852 2015 983 2065 movete
1032 1993 1173 2077 possetis
1227 2009 1232 2016 ·

234 2106 304 2190 ipse
325 2107 482 2193 agnoscit
499 2106 531 2174 se
549 2106 651 2174 fuisse
673 2110 888 2176 architectum
912 2109 1079 2194 pactionis
1091 2110 1171 2175 Pra-

154 2218 156 2224 ’
233 2219 354 2307 genus.
400 2222 499 2289 Certe
517 2219 543 2289 sr
563 2223 757 2290 illamrecte
777 2218 948 2306 intuetur,
967 2238 1001 2290 et
1021 2221 1171 2292 auctori·
1286 2296 1290 2305 ,

233 2337 301 2404 bus
319 2335 457 2418 separati
474 2335 568 2403 illius
591 2348 756 2403 tractatus
781 2337 855 2402 inde
878 2337 958 2402 adeo
976 2338 1069 2404 illata
1082 2337 1172 2405 dam·

232 2468 299 2530 na,
321 2448 420 2514 facile
441 2445 493 2511 illi
515 2445 579 2511 erit
605 2446 769 2513 iudicium
792 2445 901 2517 facere,
922 2448 960 2511 de
986 2450 1079 2518 exitu
1096 2470 1173 2537 par-

231 2559 386 2629 ticularia
419 2557 679 2640 transactionis,
708 2559 764 2625 hie
794 2559 968 2625 endendae.
1035 2561 1171 2629 Multae

232 2674 311 2744 lrinc
336 2671 411 2739 inde
434 2685 637 2756 praemonet,
670 2671 736 2740 five
764 2671 965 2739 conscientia
991 2673 1036 2737 rei
1061 2671 1172 2740 infeli·

144 2836 148 2841 -
234 2786 319 2857 citer
339 2787 374 2854 in
395 2785 611 2872 Plagensrbus
633 2761 743 2870 pactis
769 2787 880 2868 initae,
904 2785 969 2853 five
994 2787 1086 2870 quod
1110 2786 1171 2857 tali

232 2903 440 2988 glaucomate
464 2899 619 2965 credulos
649 2899 761 2965 fallere
795 2900 898 2982 velit,
949 2898 1108 2966 Caesarem
1136 2915 1170 2966 et

160 3027 163 3034 ’
232 3013 305 3080 eius
333 3012 465 3080 nomine
486 2994 821 3097 Plenipotentiarior,
846 3032 990 3097 quaerere
1009 3013 1173 3096 compost·

232 3127 358 3193 tionem
372 3125 620 3210 [universalem
639 3146 731 3210 quo,
756 3142 820 3192 ram
843 3142 935 3192 extra
958 3147 1054 3211 quam
1082 3129 1170 3197 intra

233 3239 362 3322 imperii
378 3239 483 3324 fines,
508 3255 623 3326 optata
641 3238 734 3322 quies
754 3240 944 3308 reducatur.
1005 3241 1082 3308 Nos
1110 3256 1166 3309 to·

166 3444 169 3449 ,
232 3351 296 3419 ties
323 3352 446 3437 delusr,
468 3375 538 3423 non
562 3355 622 3422 nist
645 3357 686 3421 ab
713 3371 834 3423 eventu
857 3355 1089 3424 certitudinem
1111 3371 1166 3425 tot
1197 3426 1200 3434 ,

232 3467 520 3536 constellationum
543 3470 816 3537 iudicaverimus.
870 3470 934 3535 Hic
959 3471 1165 3552 Osuabrugae

184 3668 189 3681 Ι
233 3578 302 3642 duo
321 3566 516 3666 'cumprimis
534 3585 616 3668 egit.
661 3585 772 3650 Primo
791 3585 1061 3668 plenipotentiam
1077 3582 1166 3646 suam

232 3689 269 3758 in
294 3688 403 3756 debita
422 3695 528 3762 forma
544 3699 642 3763 nobis
657 3698 820 3765 exhibuit.
866 3699 993 3764 Deinde
1012 3693 1163 3760 inutilem

234 3819 270 3872 ct
287 3803 432 3876 odiosam
447 3807 538 3887 illam
550 3812 834 3897 disputationem,
859 3826 953 3893 quam
974 3821 1066 3873 tanto
1085 3821 1168 3871 tem-

1074 3970 1076 3975 .
1106 3936 1170 4003 po-
