2834 4830
337 367 379 450 ιι
474 326 1131 435 uuoonrsonorrr

340 554 395 622 ges
413 534 678 618 iudiciorumque
695 537 840 602 ordinem
860 534 971 618 facta,
995 536 1079 603 dixit
1101 537 1170 603 hacc
1189 534 1273 602 Car·

342 648 461 715 din'alis
494 649 653 734 pertinere
696 649 736 715 ad
775 664 921 733 tempora
961 650 1130 717 Ludovici
1166 647 1269 726 XIII,

343 762 443 828 cuius
466 761 513 853 ita
529 762 713 829 'veneranda
732 762 815 828 esset
840 764 927 829 bona
946 764 1120 844 memoria,
1144 775 1182 826 ut
1196 761 1271 823 eius
1325 752 1326 756 ’

345 893 419 941 acta
441 878 587 943 vellicari
613 877 744 942 minime
771 892 953 961 oporteret.
1000 881 1086 945 Corn
1105 893 1185 939 vero
1207 872 1272 965 Re·

342 989 419 1074 gina
444 990 510 1056 alio
541 1006 707 1075 tenpore,
737 991 768 1056 se
806 992 903 1075 posse
939 989 1076 1074 quasvis
1114 986 1293 1071 pecunias‘

345 1103 501 1186 imperare
525 1108 651 1192 populo
674 1107 739 1173 line
763 1106 989 1186 Parlamento,
1014 1102 1098 1168 dixit
1115 1099 1274 1180 Princeps

343 1216 535 1298 Condaeus‚
564 1219 600 1283 id
631 1238 698 1283 non
728 1221 807 1283 berre
834 1218 1080 1294 successurum,
1114 1231 1218 1294 neque
1244 1209 1274 1273 se

253 1416 256 1421 Ι
313 1399 316 1404 ,
345 1330 534 1412 suspectum
559 1330 762 1396 csl‘e'debere
785 1332 965 1413 factionis,
991 1331 1048 1414 qui
1069 1328 1156 1393 bona
1178 1324 1278 1391 habes

343 1456 394 1506 ret
413 1444 445 1507 in
464 1445 616 1508 omnibus
635 1446 741 1529 Regni
761 1449 935 1527 partibus,
960 1446 1052 1507 illico
1076 1439 1273 1516 amittenda,

341 1555 454 1639 srquid
473 1558 717 1624 commovisset.
763 1558 828 1623 Est
844 1556 898 1622 hic
916 1552 1098 1631 Carentoni
1114 1548 1273 1632 Synodus

345 1669 539 1752 Nationalis
566 1669 847 1736 Reformatorum.
923 1671 979 1734 Ab
1013 1688 1049 1733 ea
1087 1661 1293 1763 impetrarit¹

291 1858 295 1863 ¹
344 1777 556 1859 Mileterius,
580 1797 619 1847 ut
642 1783 773 1863 quidam
793 1764 1040 1864 delegarentur,
1066 1775 1274 1843 collocuturi

342 1892 450 1957 secum
478 1891 516 1956 de
541 1891 790 1959 iustificatione.
859 1892 960 1958 Facta
994 1904 1045 1956 est
1074 1889 1108 1955 in
1139 1888 1273 1971 scriptis

343 2005 480 2082 collatio
507 2007 600 2070 nullo
628 2029 702 2073 cum
727 2006 854 2072 fructu.
926 2006 1014 2088 Papa
1046 2022 1113 2069 non
1146 2017 1273 2067 tantum

343 2118 378 2184 in
412 2117 447 2184 id
476 2117 624 2200 laborat,
656 2135 694 2185 ut
722 2120 863 2201 Gallos,
895 2114 932 2189 sr'
952 2117 1080 2202 possit,
1107 2137 1147 2184 ex
1180 2117 1289 2184 ltalia.

342 2244 513 2310 amoveat,
543 2232 589 2293 ita
615 2245 742 2295 tentato
770 2232 923 2311 Principe
949 2232 1100 2309 Thomu,
1138 2245 1176 2294 ut
1202 2247 1276 2292 curn

343 2341 464 2408 Galliae
498 2339 686 2423 suspectum
717 2340 855 2423 fecerit,
877 2360 992 2407 verum
1023 2341 1119 2407 etiarn
1152 2340 1274 2405 excitat

344 2473 457 2520 omnes
489 2452 593 2519 ltaliae
622 2453 793 2537 Principes
830 2474 866 2520 ac
895 2454 1082 2536 Civitates,
1116 2469 1154 2520 ut
1189 2453 1273 2538 Regi

343 2567 474 2653 Angliae
501 2566 635 2631 militem
660 2582 717 2632 aut
742 2568 899 2649 pecunias
926 2569 1073 2636 mittant.
1118 2569 1165 2636 Et
1191 2567 1274 2633 dici·

345 2696 403 2749 tur
425 2682 617 2750 Ethruscus
641 2679 768 2761 aliquid
790 2679 988 2760 promisisse.
1041 2681 1142 2746 Miles
1169 2681 1276 2747 Galli·

346 2810 407 2858 cus
430 2793 463 2856 in
487 2789 851 2857 Montisferratensrbus
882 2791 968 2857 locis
995 2789 1180 2877 gravissime
1206 2779 1275 2874 ple·

341 2906 414 2972 bern
440 2896 551 2971 ‘vexas
598 2903 746 2985 Missus,
771 2903 889 2989 quide
914 2923 967 2969 eo·
982 2908 1129 2988 querelas
1160 2907 1194 2971 in
1216 2923 1275 2972 ou·

342 3018 407 3086 lam
439 3018 600 3084 Gallicam
631 3016 791 3099 deferret,
830 3018 1035 3102 Bidolenus‚
1077 3022 1112 3087 in
1136 3016 1274 3101 itinere,

344 3129 455 3196 nescio
485 3134 670 3216 aquibus,
701 3132 895 3200 interfectus
919 3148 984 3200 est.
1029 3135 1135 3200 Arces
1159 3133 1275 3198 Colis·
1386 3114 1389 3121 ’

344 3243 459 3309 sanum
489 3259 522 3307 et
553 3246 728 3328 Cararam,
760 3249 795 3314 in
829 3248 962 3333 regione
986 3246 1129 3330 Langae,
1160 3242 1273 3326 Galli,

346 3356 439 3435 quod
456 3374 537 3439 aegre
558 3356 685 3424 defendi
707 3360 1041 3443 p'oslent‚disiecere.
1073 3357 1272 3439 Casrnrirus,

341 3478 516 3549 antequam
549 3470 795 3540 Cardinalatum
827 3472 943 3554 adeat,
983 3472 1013 3538 se
1044 3473 1274 3564 presbyterum

343 3577 468 3662 facien,
500 3582 546 3646 ita
570 3586 723 3666 volente,
758 3602 795 3653 ut
822 3586 965 3665 dicitur,
994 3583 1142 3649 Polouiae
1168 3584 1271 3669 llege.

341 3692 398 3761 Ex
415 3694 705 3778 Constantinopoli
723 3697 909 3775 discimus,
937 3695 1099 3785 labrasse
1121 3696 1167 3761 ibi
1188 3699 1272 3783 lega·

342 3819 415 3876 tum
434 3807 671 3894 Imperatoris,
695 3824 733 3877 ut
750 3827 816 3893 pax
833 3824 993 3898 perpetua
1012 3807 1102 3880 fieret
1113 3855 1126 3893 ,
1148 3825 1185 3877 ut
1207 3811 1274 3876 Ra·

354 3942 357 3946 ¹
1190 3920 1272 3987 loc·
