2834 4830
227 310 310 402 φο.
379 312 1039 415 troconrsonortr

248 487 426 569 ter-ipsum
450 501 481 551 et
504 488 667 553 civitatem
700 483 1004 552 Francofurtcnsem
1038 494 1172 548 contro·
1265 470 1270 481 '

245 601 365 680 versas,
392 590 508 666 ineam
534 600 643 664 urbem
670 599 698 663 se
717 601 869 681 recipere.
917 601 1028 665 illotta
1052 600 1085 662 in
1105 597 1175 662 Lo·

242 712 410 800 thuringia
433 714 575 779 aGallis
601 729 747 777 nontam
770 710 958 793 obsidetur,
981 730 1077 794 quam
1103 727 1175 774 cus·

245 827 337 893 tellis
363 827 606 915 circumpolitis
631 827 677 891 ita
702 827 881 908 premitur,
907 843 943 890 ut
973 826 1086 891 aditus
1109 822 1177 886 exi·

245 952 371 1020 rusque
390 941 503 1006 habeat
523 940 693 1021 difficiles,
717 942 837 1006 eteius
856 937 1058 1005 custodibus
1078 955 1178 1015 erup-

245 1052 358 1116 tiones
389 1055 535 1135 quaedam
552 1050 675 1119 'minus
700 1056 779 1120 beno
806 1052 1029 1119 successerint.
1094 1048 1182 1113 Cum

245 1164 337 1252 Papa
359 1187 464 1249 nuper
486 1170 662 1237 Ecclcsram
681 1170 777 1236 luam
802 1169 904 1234 adiret
924 1163 1181 1246 Episcopalem,
1273 1211 1279 1219 .

245 1279 351 1347 idest
374 1280 641 1358 Lateranensem‚
667 1282 809 1357 multum
836 1277 989 1343 clamavit
1008 1277 1180 1359 populus,

247 1403 365 1474 petens
393 1409 552 1457 annonam
577 1393 755 1458 faciliorem
780 1407 812 1456 et
834 1367 1012 1456 levamenta
1038 1389 1184 1454 tributo·

139 1546 143 1553 ·
247 1521 344 1582 rum,
364 1524 436 1586 quae
457 1505 853 1589 Barbariniinduxerant.
897 1499 1182 1585 ACapdinalibus

250 1602 411 1701 duobus,
437 1618 494 1703 qui
520 1638 570 1683 res
597 1619 808 1702 Imperatoris
837 1629 1012 1696 tutantur,
1036 1628 1069 1678 et
1094 1633 1111 1678 a
1139 1614 1184 1676 lc·

249 1742 329 1812 gato
356 1730 590 1810 Imperatoris,
617 1746 752 1815 rogatus
776 1732 883 1813 Papa,
908 1744 946 1793 ut
975 1746 1085 1812 pacem
1106 1744 1185 1809 pro·
1256 1753 1260 1763 ·

250 1857 403 1919 curaret,
433 1861 500 1905 raon
530 1845 594 1904 lroc
620 1858 747 1906 tantum
778 1846 812 1906 in
843 1844 872 1904 se
902 1841 1046 1920 recepit,
1070 1838 1123 1901 scd
1152 1850 1185 1904 et

133 1950 136 1955 ⁴
242 1955 397 2038 'permista
423 1953 639 2037 Imperatori,
661 1970 700 2021 ut
715 1956 837 2020 milites
861 1970 909 2019 ter
933 1954 1018 2018 mille
1042 1951 1185 2018 conscri-

251 2069 344 2145 beret
372 2070 407 2132 in
440 2069 558 2149 terris,
591 2087 673 2153 quas
704 2069 858 2136 Ecclcstae
893 2082 1039 2146 vocant,
1071 2085 1184 2147 nempe

254 2197 376 2249 contra
406 2182 628 2248 Rakoczium.
676 2183 837 2248 Scribant
862 2199 972 2247 autent
989 2182 1105 2260 multi,
1128 2182 1187 2245 Pa·

182 2341 187 2351 .
254 2311 307 2374 pre
334 2310 401 2355 non
432 2294 558 2376 placere
583 2289 754 2382 confilium
779 2294 861 2359 illud
888 2293 921 2358 in
946 2292 1086 2358 Polonia
1115 2290 1187 2355 sus·

255 2417 389 2489 ceptum
419 2403 457 2468 de
479 2405 674 2487 colloquio,
700 2407 791 2487 quod
816 2421 962 2488 metuat,
987 2425 1029 2472 ne
1049 2425 1085 2471 ea
1113 2424 1188 2484 res,

254 2517 279 2589 fi
314 2516 487 2598 succedat,
511 2522 650 2587 multum
676 2520 848 2587 imminuat
874 2539 942 2587 erin
968 2535 1188 2604 potestatem,

258 2649 356 2716 quam
386 2647 480 2699 extra
512 2637 663 2700 Canones
695 2635 753 2700 fibi
788 2649 941 2718 arrogant
977 2634 1190 2716 iampridem
1233 2715 1236 2721 Ι

257 2747 331 2813 eius
355 2745 554 2813 decessores.
614 2745 661 2812 Et
694 2760 780 2810 certe
813 2745 885 2826 pari
919 2745 996 2808 olim
1023 2743 1061 2806 dc
1094 2745 1189 2809 caula

257 2855 417 2925 Nanctus
439 2858 565 2941 papalis
597 2858 731 2941 abrupit
762 2858 967 2943 colloquium
1000 2857 1188 2924 Posstacum

258 2971 294 3039 in
321 2968 444 3036 Gallia.
491 2969 529 3036 In
553 2970 646 3036 Italia
665 2972 823 3053 Princeps
843 2972 991 3038 Thomas
1017 2975 1050 3039 in
1077 2974 1188 3039 urbem

259 3083 509 3165 Taurinorum,
532 3097 565 3149 et
591 3096 709 3150 contra
736 3082 915 3165 praefectus
942 3085 1123 3152 Mediolani
1155 3089 1189 3151 in

258 3214 328 3268 eam
353 3200 466 3268 urbem
493 3200 637 3266 recessit.
683 3198 831 3266 Multum
847 3198 988 3276 dubito,
1007 3216 1047 3260 an
1074 3213 1188 3261 verum

258 3313 321 3392 fit,
346 3309 437 3394 quod
461 3308 514 3376 hic
540 3312 717 3396 vulgatur,
748 3313 782 3378 in
806 3310 975 3378 Catalaoia
1004 3309 1093 3395 apud
1110 3312 1190 3379 Cla·

260 3434 365 3489 retum
401 3421 502 3488 casos
539 3423 709 3491 sexcentos
742 3425 882 3503 milites,
913 3437 1031 3506 captos
1066 3439 1190 3489 trecen·

260 3550 331 3611 tos.
387 3519 508 3602 Comes
535 3537 735 3606 Harcurtius
765 3538 800 3604 in
825 3537 898 3604 illas
915 3551 1022 3618 partes
1048 3534 1093 3599 ire
1122 3554 1190 3602 non

259 3653 359 3731 vult,
382 3649 441 3715 nisa
465 3630 676 3732 cummagno
699 3652 845 3719 exercitu
869 3664 901 3714 et
923 3662 1103 3733 apparatu,
1129 3671 1187 3737 pa·

259 3781 333 3837 run
352 3763 456 3837 fidens
473 3762 710 3835 Ctttlanotum
732 3764 826 3837 valde
849 3763 1030 3837 mobilibus
1054 3765 1193 3835 animisa

1133 3877 1190 3946 Ex
